2796 4996
596 107 601 132 l

538 269 774 336 -191-

71 437 232 524 λιλογία,
254 417 418 522 cinomia,
442 438 600 503 schemata
623 393 750 504 dicendi
775 457 806 505 et
837 437 999 538 capitoni
1021 435 1138 512 οἶστεῒα
1160 443 1214 513 λέ-

74 567 164 627 γειν
189 543 258 609 καῖ
272 539 394 630 λόγους
413 541 590 632 μηκύνειν,
620 545 687 627 (hio
707 546 803 609 facile
827 529 983 634 reliquias
1002 547 1213 631 sophistarum

76 638 238 730 veterum
253 649 437 732 agnoscas);
462 649 576 734 quihus
595 650 747 714 absolutis
761 654 860 716 altera
874 673 949 735 pars
970 650 1011 713 de
1030 653 1212 716 elocutione

76 752 218 835 1¹¹⁰¹P¹l2
247 758 325 843 nant
351 750 488 842 τρόπων
507 747 705 882 prolicietur,
727 761 804 845 πέρι
826 757 861 842 ἕρ
862 762 1020 846 μηνείαζ,
1043 763 1119 847 περὶ
1148 755 1214 826 coti

79 856 214 945 σαφῶς
236 845 372 949 δηλοῦν,
395 863 470 945 περὶ
493 854 699 938 ἀντιθέτων,
722 857 1004 951 παρισώσεωννν
984 857 1210 954 ἅμοιοτήτων.

80 962 242 1047 Denique
257 964 409 1030 orationis
431 965 574 1049 sequitur
598 963 780 1050 dispositio,
803 973 880 1054 mat
901 971 1111 1054 προοιοίου,
1136 971 1213 1052 περὶ
1244 1033 1256 1046 f
1289 1008 1294 1021 s
1331 1019 1363 1053 .,

89 1063 279 1158 διηγήσεως
304 1082 419 1154 etqua
445 1070 568 1132 ratione
591 1070 671 1133 haec
691 1075 731 1134 sit
756 1071 945 1145 ordinanda,
967 1077 1043 1158 περὶ
1064 1067 1214 1159 βεβαιώ-

83 1194 177 1252 σεως
198 1193 291 1257 quam
312 1174 430 1257 excipit
447 1172 706 1266 προκατάληψις
729 1198 839 1242 eorum
861 1198 941 1261 quae
957 1172 1109 1239 advdrsus
1127 1175 1211 1238 dicta

84 1297 109 1336 a
127 1288 161 1336 te
181 1275 323 1358 proferri
335 1279 459 1363 possint
479 1300 637 1364 occupans
651 1304 744 1366 quam
758 1303 830 1344 cum
852 1283 892 1342 sit
910 1281 1037 1344 diversa
1058 1283 1212 1365 cuiusque

61 1380 238 1462 “explanat
267 1384 396 1466 speciei.
440 1385 565 1469 Agmcn
593 1386 710 1448 claudit
734 1387 895 1474 ἐπίλογος,
918 1386 958 1448 ad
988 1385 1082 1448 finem
1107 1401 1213 1448 tamen
1302 1396 1330 1487 'x

88 1505 158 1547 non
176 1484 382 1570 perductus3
390 1487 611 1554 desiderantur
629 1492 713 1554 enim
732 1513 832 1575 pauca
844 1492 1013 1577 quaedam.

180 1698 225 1758 lli
245 1712 316 1760 sunt
336 1700 398 1762 viri
425 1699 465 1764 de
493 1723 627 1788 quoram
645 1705 678 1764 in
699 1717 767 1766 arte
789 1702 962 1766 excolenda
985 1673 1108 1766 meritis
1130 1703 1213 1766 fama

91 1800 135 1862 ad
158 1823 217 1876 nos
241 1806 399 1888 peruenit,
422 1808 476 1870 vix
503 1831 609 1872 rarum
638 1809 836 1906 spicilegium
858 1829 898 1869 ex
920 1809 1012 1928 larga.
1029 1809 1082 1902 illa
1101 1790 1211 1892 segete

91 1907 259 1988 relictum3
281 1931 353 1971 nam
365 1931 522 1996 quemque
539 1915 609 1976 fere
624 1917 787 2000 egregium
805 1913 1012 1976 rhetorem
984 1935 1051 1976 erus
1077 1913 1147 1976 aevi
1170 1913 1211 1973 de

89 2033 156 2095 quc
178 2034 237 2076 nos
258 2013 395 2098 agimus,
417 2038 481 2078 non
510 2019 669 2082 orationes
689 2021 789 2083 modo
812 2019 995 2100 scripsisse,
1029 2017 1088 2080 sed
1114 2015 1211 2080 artili-
1234 2063 1236 2068 -

90 2117 179 2180 ciose
200 2119 293 2180 etiam
314 2121 478 2184 scientiam
495 2137 663 2199 tractasse,
693 2123 733 2186 de
754 2145 853 2211 caque
874 2123 975 2208 libros
994 2125 1111 2207 τέχνας
1134 2145 1211 2208 quas

88 2235 205 2286 vocant
228 2227 444 2308 composuisse
464 2229 651 2293 invenimus.
697 2229 750 2291 Sic
778 2229 910 2292 iuvenili
930 2227 1031 2290 adhuc
1049 2228 1211 2290 rhetorice

1 2317 2 2320 ¹
89 2326 254 2412 principes
286 2331 341 2414 qui
365 2332 398 2392 in
425 2335 512 2420 vulgi
539 2333 770 2418 percurrebant
794 2354 849 2394 ora
878 2355 1025 2417 magnum
1057 2329 1212 2394 dederant

89 2431 246 2494 librorum
260 2455 435 2512 numerum,
458 2439 587 2531 minime
602 2455 706 2502 tamen
721 2458 808 2522 ¹quae
829 2438 980 2524 sequitur,
1004 2438 1115 2500 aetatis
1131 2438 1211 2498 mul-

87 2537 258 2599 titudinem
277 2540 542 2624 aequiparantem.
587 2545 630 2606 Et
650 2556 755 2605 tamen
771 2542 851 2605 haec
867 2551 951 2604 aetas
972 2563 1015 2602 ne
1038 2563 1114 2611 vera
1134 2543 1212 2604 reti-

88 2647 216 2712 ceamus
237 2647 441 2730 sequentibus
466 2648 591 2710 facilius
614 2664 663 2710 est
689 2645 883 2732 explicanda.
928 2648 1056 2708 Etenim
1078 2662 1112 2708 ut
1132 2668 1161 2709 v.
1185 2667 1213 2707 c.
1236 2693 1240 2700 .

87 2748 233 2810 medicus
250 2750 483 2834 philosophiam
507 2776 571 2815 non
592 2776 629 2817 ea
653 2774 713 2838 qua
737 2767 864 2837 opoitet
884 2753 1056 2814 subtilitate
1072 2751 1211 2813 enodare

81 2855 175 2938 ,valet
196 2869 228 2916 et
247 2876 327 2939 quae
355 2879 409 2920 sua
427 2858 489 2920 iam
508 2881 558 2921 ars
585 2873 644 2933 est,
668 2873 795 2942 semper
814 2858 851 2920 ad
874 2872 1003 2920 naturae
1024 2859 1122 2940 leges,
1150 2849 1212 2914 hoc

1 2964 3 2971 '
88 2959 197 3022 estad
217 2961 472 3026 observationem
494 2979 525 3027 et
547 2965 722 3052 ἐμπειρίαν
744 2963 797 3027 vel
819 2963 936 3032 invitus
955 2958 1128 3036 retrahitur
1150 2977 1211 3019 nec

69 3065 133 3132 'ita
152 3085 222 3146 sese
239 3065 314 3127 iude
331 3067 445 3132 liberat
462 3083 496 3130 ut
512 3069 571 3130 hac
592 3069 724 3156 remissa
744 3088 797 3129 res
823 3068 907 3149 ipsas
932 3061 1047 3146 cirri-nic
1065 3063 1210 3128 conside-

88 3183 157 3245 ret,
180 3161 433 3255 quod*'tempora
460 3185 492 3232 et
515 3171 667 3234 historiae
686 3171 908 3258 philosophiae
932 3171 1050 3257 ubique
1077 3169 1210 3231 docent:

51 3342 55 3351 ¹
87 3276 131 3336 ita
145 3290 288 3338 oratores
306 3279 400 3338 etiam
414 3289 538 3339 veteres
552 3279 694 3361 quamvis
713 3293 814 3341 artem
836 3291 1007 3339 tractantes
1029 3276 1080 3339 via
1105 3284 1211 3336 tamen

87 3383 189 3466 magis
209 3396 359 3444 consueta
378 3396 410 3445 et
428 3384 500 3444 trita
518 3384 651 3464 grassati
668 3383 801 3445 solemni
821 3381 933 3459 orandi
951 3401 1041 3441 more
1060 3380 1102 3443 ita
1121 3393 1211 3440 erant
1240 3429 1242 3440 ,

88 3484 205 3561 affecti,
229 3501 263 3550 ut
290 3488 323 3548 in
353 3487 402 3547 his
429 3487 520 3549 libris
546 3488 641 3548 etiam
664 3488 808 3568 exempla
835 3487 904 3548 usui
931 3501 1004 3567 apta
1024 3471 1210 3568 exciperent

88 3603 182 3675 atque
207 3613 280 3655 raro
307 3592 485 3654 rhetorices
508 3593 648 3653 intimam
673 3593 737 3655 vim
761 3590 1070 3674 comprehenderent
1094 3604 1127 3651 et
1156 3589 1210 3673 qui

89 3695 262 3760 subtilitate
280 3698 313 3758 in
334 3713 400 3759 arte
416 3710 541 3758 ceteros
560 3695 654 3781 longe
667 3696 853 3779 praecessit,
878 3695 1067 3757 Theodorus
1088 3697 1209 3776 Byzan-

90 3802 170 3876 tius,
194 3786 227 3863 iir
253 3801 448 3884 orationihus
466 3815 534 3863 erat
549 3802 673 3863 ieiunus
695 3815 728 3862 et
745 3801 874 3861 minime
896 3801 1048 3884 probatus
1063 3813 1100 3889 ut
1113 3799 1209 3860 raris·

19 3974 22 3984 Ι
66 3896 165 3968 'sime
189 3923 357 3992 utrumque
382 3907 583 3969 coniunctum
604 3905 800 3989 reperiamus
825 3903 933 3966 eadem
952 3905 1103 3980 fortuna,
1132 3895 1235 3966 Om?

86 4033 144 4073 nes
164 4013 248 4073 enim
270 4013 386 4074 Graeci
408 4011 554 4074 rhetores
580 4012 679 4095 magis
704 4011 738 4093 in
759 4025 920 4071 oratorum
942 4033 1032 4072 usum
1057 4030 1137 4095 quae
1159 4009 1210 4070 his

87 4117 176 4180 utilia
203 4131 276 4179 sunt
302 4119 406 4181 omnia
432 4118 635 4200 explanantes
657 4115 870 4189 elaborabant,
893 4115 942 4176 rei
968 4115 1042 4198 ipsi,
1061 4114 1209 4197 personis

86 4223 251 4307 neglectis,
274 4222 457 4306 philosophi
472 4221 647 4296 studebant,
671 4220 758 4305 quod
777 4234 843 4290 tum
859 4221 993 4287 maxime
1011 4217 1209 4303 fieripotuit,
1229 4255 1232 4262 ·
1321 4234 1325 4250 ·

86 4327 113 4392 si
135 4328 316 4416 eloquentia
344 4328 406 4393 iam
444 4349 462 4394 e
494 4328 566 4391 foro
605 4325 747 4390 secessit.
793 4327 902 4414 ltaque
939 4323 1122 4410 philosophi
1150 4315 1216 4387 sihi
