2796 4996
539 378 692 476 -ἰιιι
734 446 777 467 .,

10 574 12 577 ’
93 595 205 668 agatur
219 597 252 646 et
265 582 346 670 banc
369 583 468 648 solam
481 601 587 668 neque
604 597 734 670 praeter
754 603 823 646 eam
845 581 932 646 aliud
955 603 1027 646 esse
1057 597 1214 646 atteutcu·
1257 601 1265 628 ι

94 687 178 762 dam,
200 707 241 750 ne
253 688 434 774 praestigiis
450 687 812 774 aliquiscircumdetur,
828 689 905 750 iure
923 687 1079 772 di'xerunt.
1125 690 1234 788 Quae!

1 799 2 802 ’
91 793 128 872 in
149 807 285 883 utraque
305 814 385 858 vero
406 808 475 858 arte
501 792 700 878 discrepant,
723 792 751 856 si
769 793 841 878 quis
863 794 968 854 omnia
988 793 1106 856 afferre
1126 795 1214 868 velit,
1254 816 1257 820 ·

90 897 208 984 longus
234 912 298 980 est3
329 899 385 986 qui
414 897 618 984 legerant,
609 898 671 982 tpsi
696 898 759 960 iam
780 895 939 965 viderunt
983 901 1026 962 Et
1050 900 1215 977 Victorius

88 1001 279 1066 Anaximeni
302 1024 376 1066 esse
407 1002 608 1090 tribuendam
639 1001 749 1065 aliis
740 1023 811 1064 rure
836 1001 1061 1066 accedentibus
1089 1005 1212 1087 primus

87 1103 284 1194 perspexit
311 1099 407 1220 Apud
443 1109 673 1209 Quintilianum
704 1107 790 1170 enim
816 1107 896 1193 baec
928 1109 1078 1196 leguntur
1104 1111 1156 1176 ΠΙ.
1183 1116 1215 1186 4,
1255 1140 1258 1148 ·
1286 1126 1289 1142 ·

65 1195 163 1300 pag·
181 1217 261 1284 227:
1228 1244 1257 1288 .“

223 1311 565 1380 ΛΝΛΧΠΜΕΝΕδι
582 1310 761 1382 iudicialem
776 1326 806 1378 et
830 1316 1038 1390 contionalem
1057 1315 1217 1402 generales

221 1433 326 1503 partes
339 1417 402 1484 esse
403 1420 520 1500 voluit,
541 1430 699 1510 septem
667 1431 771 1482 antam
788 1420 910 1507 species,
933 1419 1088 1502 hortandi,
1112 1421 1220 1485 dehor·
1239 1421 1243 1433 ’

222 1521 327 1605 tondi,
360 1521 530 1614 laudandi,
553 1503 769 1626 υἰίιιρινάιιάί,
804 1525 987 1606 accusandi,
1021 1507 1217 1610 defendenda,

117 1677 127 1696 ι
223 1629 420 1748 eequirendi,
458 1629 541 1718 qnod
572 1629 783 1724 ἐξεταστικὸν
817 1629 942 1710 droant,
971 1652 1114 1717 quorum
1135 1629 1218 1694 duae

110 1757 112 1762 ’
219 1735 342 1823 primae
367 1729 576 1815 deliberativi,
603 1730 684 1795 dune
709 1745 865 1816 monentes
886 1733 1134 1815 demonstrativi,
1157 1742 1219 1798 tres
1307 1722 1308 1731 ι

159 1831 351 1928 ultimus
362 1838 518 1904 iudicialis
531 1838 653 1924 generis
671 1849 743 1901 sunt
750 1851 864 1926 portes

91 1969 158 2034 quo
178 1959 391 2032 argumento
389 1967 465 2007 usus
498 1943 695 2011 Victorius
686 1968 720 2028 ιιι
744 1945 943 2028 praefatione
971 1945 1012 2009 ad
1034 1944 1216 2040 Aristotelis
1312 2033 1313 2047 ι

91 2050 267 2142 Rhetorica
285 2072 349 2112 non
343 2041 464 2114 modo
479 2050 707 2112 Anaximenen
725 2047 818 2114 buius
841 2051 942 2113 libelli
962 2029 1125 2144 auctorem
1147 2072 1237 2116 esse-

93 2155 262 2232 serissime
275 2170 394 2231 monet,
417 2153 475 2217 sed
486 2152 578 2217 Fabii
592 2139 687 2220 ctiam
701 2152 809 2218 verbis
828 2153 1002 2232 mendum
992 2176 1099 2220 messe
1115 2156 1216 2244 suspi-

1 2290 2 2296 ¹
92 2276 181 2355 catus
199 2275 258 2335 est,
276 2255 474 2346 tertiumque
496 2281 616 2345 genus,
640 2245 932 2333 demonstrativum,
952 2260 1129 2344 excidisse3
1152 2283 1217 2324 non

94 2390 176 2452 opus
195 2386 265 2428 esse
292 2365 426 2428 addatur
445 2361 524 2428 dicit
542 2361 676 2427 Bublius
694 2364 821 2428 homo
812 2387 846 2428 ιιι
861 2366 975 2450 paucis
994 2367 1138 2472 ineptus,
1162 2367 1217 2454 qui

94 2497 113 2536 a
136 2469 322 2556 Spaldingio
347 2470 480 2536 meliora
502 2468 615 2534 doctus
644 2471 832 2534 sententiam
856 2491 942 2534 suam
961 2486 1072 2556 postea
1098 2485 1218 2534 retrac-

2 2654 3 2658 ,
93 2577 173 2640 tavit
193 2575 232 2638 ad
251 2575 435 2637 Aristotelis
448 2573 580 2660 praefat.
596 2585 672 2654 toni.
686 2575 724 2642 V
738 2587 810 2662 pag.
802 2575 877 2642 ..Vt
924 2571 1218 2662 Spaldingiusvero
1288 2637 1295 2654 f

96 2675 198 2767 qualis
227 2681 361 2745 maxime
386 2680 582 2778 Quintiliano
605 2681 765 2765 placuerit
786 2702 850 2745 vox
874 2695 907 2744 et
929 2701 992 2768 quo
1017 2681 1052 2743 in
1077 2683 1149 2744 loco
1176 2682 1218 2744 sit

94 2785 305 2873 reponenda
295 2799 437 2850 incertus
456 2782 497 2845 de
512 2775 742 2848 emendaitionis
756 2785 893 2853 Victo1ii
912 2786 1045 2863 veritate
1064 2787 1132 2872 ipsa
1153 2809 1217 2852 uon

97 2889 228 2956 dubitat.
275 2877 349 2953 Sed
353 2905 388 2952 ut
407 2873 478 2952 lieri
497 2883 608 2954 solet
600 2914 632 2952 ιιι
636 2892 777 2955 nostris
792 2891 900 2966 rebus,
924 2901 1037 2975 quas
1026 2883 1218 2958 certissimas
1301 2975 1304 2980 Ι

95 2998 230 3060 dicimus
255 2996 439 3081 opiniones,
463 2991 508 3056 nil
532 2995 594 3058 nisi
625 2993 733 3080 δόξαι
755 3011 837 3071 sunt,
860 2997 956 3082 longe
977 2997 1015 3060 ab
1038 2994 1220 3089 &numining
1294 3035 1296 3038 ·

96 3102 305 3207 aucupatione
322 3099 483 3164 distantes.
529 3101 728 3218 Quintiliani
731 3102 815 3164 enim
838 3100 937 3164 verba
950 3123 1024 3165 sana
1038 3116 1111 3165 sunt
1126 3104 1219 3168 nibil·
1303 3157 1320 3169 ..

97 3197 159 3294 que
172 3183 368 3297 addendum
389 3209 451 3280 est,
482 3205 615 3290 quod
589 3227 617 3266 ss
644 3227 709 3267 non
736 3207 858 3292 singula
885 3207 938 3270 illa
964 3207 1130 3292 vocabula,
1162 3211 1237 3272 sed‘
1349 3237 1356 3251 ι

97 3313 196 3379 totius
218 3312 282 3374 loci
302 3333 419 3400 nexum
440 3309 696 3400 perpendissent,
719 3309 838 3398 absque
856 3311 919 3375 ulla
938 3309 1125 3376 difficultate
1144 3337 1218 3400 per·
1267 3295 1270 3301 ’

77 3411 291 3502 -spcxiss'entz
314 3417 377 3486 hoc
391 3416 470 3480 dicit
491 3430 619 3482 auctor:
649 3417 710 3480 tria
728 3417 908 3480 rhetorices
924 3437 1043 3501 genera
1062 3420 1219 3490 Aristotes

95 3525 146 3586 les
165 3522 309 3584 distinxit
332 3541 436 3606 quem*
451 3543 554 3605 prope
577 3540 688 3584 omnes
713 3520 833 3601 secuti3
857 3522 910 3583 alii
932 3544 1011 3588 vero
1034 3525 1142 3608 plura,
1166 3527 1219 3590 alii
1310 3536 1314 3550 ¹

97 3629 236 3702 minora,
254 3626 476 3690 Anaximenes
507 3627 576 3689 duo
600 3641 738 3700 tantum,
776 3625 924 3688 iudiciale
959 3642 992 3690 et
1021 3631 1218 3708 concionale,
1298 3647 1308 3664 ²

95 3749 176 3823 qnae
196 3731 230 3792 in
249 3740 372 3814 septem
390 3731 504 3796 dividit
523 3731 657 3816 species,
680 3733 872 3818 Protagoras
894 3747 1038 3817 quatuor,
1061 3735 1218 3801 Isocrates
1280 3725 1284 3731 ¹

95 3834 230 3897 inomni
247 3857 365 3919 genere
386 3837 491 3900 inesse
513 3835 639 3900 laudem
659 3857 696 3901 ac
718 3822 983 3922 vituperationem
1009 3840 1225 3929 existimante

94 3941 165 4023 ipsc
190 3962 269 4005 vero
291 3941 446 4026 plurimos
471 3942 622 4028 sequitur.
667 3941 745 4005 Inde
766 3965 784 4004 a
806 3942 1003 4038 Quintiliano
1024 3945 1084 4008 tria
1104 3949 1220 4017 Anaxi.

95 4047 199 4111 menis
212 4068 331 4131 genera
345 4067 425 4133 quae
444 4049 553 4110 volunt
572 4047 683 4110 eadent
701 4060 795 4132 atque
815 4047 997 4112 Aristotelis
1014 4051 1136 4118 laudari
1154 4079 1219 4122 nou
1247 4097 1253 4110 x

95 4170 200 4244 posse,
225 4149 426 4214 aeduorum
453 4151 492 4213 ab
518 4152 610 4216 huius
632 4151 789 4214 divisione
816 4151 977 4223 diversum
1003 4155 1215 4228 exhibendum
1273 4210 1280 4216 .

14 4256 19 4266 '
95 4263 168 4318 e's'se
191 4267 296 4342 patet,
319 4255 353 4319 id
377 4256 464 4344 quod
487 4271 589 4321 exstat
615 4245 649 4319 ἱιι
671 4256 794 4320 ιοιιιιιιιὶ
818 4257 1082 4326 rharortslibris.
1125 4268 1215 4336 Haec
1311 4327 1314 4334 ,
1392 4299 1396 4311 ’

47 4421 52 4434 ,
95 4361 213 4448 Fabius
220 4386 230 4443 3
265 4384 345 4450 quae
373 4385 460 4449 vero¹
474 4363 663 4449 sequuntur:
699 4383 833 4448 quornm
864 4361 965 4426 dune.
983 4409 1014 4426 ..
1036 4357 1160 4454 parter,
1184 4391 1217 4441 et
1246 4355 1250 4364 ’

95 4466 243 4554 inprimis
261 4465 373 4532 doetus
391 4468 431 4533 ad
451 4467 658 4556 supplendam
676 4469 820 4533 lacunam
839 4484 1018 4554 moverunt,
1041 4475 1094 4538 a'ut
1115 4477 1217 4546 aliem

1017 4601 1033 4665 ιΙ
