<?xml version="1.0" encoding="UTF-8"?>
<!DOCTYPE html PUBLIC "-//W3C//DTD XHTML 1.0 Transitional//EN"
    "http://www.w3.org/TR/xhtml1/DTD/xhtml1-transitional.dtd">
<html xmlns="http://www.w3.org/1999/xhtml" xml:lang="en" lang="en">
 <head>
  <title>
</title>
<meta http-equiv="Content-Type" content="text/html;charset=utf-8" />
  <meta name='ocr-system' content='tesseract 3.04.00' />
  <meta name='ocr-capabilities' content='ocr_page ocr_carea ocr_par ocr_line ocrx_word'/>
</head>
<body>
  <div class='ocr_page' id='page_1' title='image "./synaggtechnnsiv01spengoog_0093.png"; bbox 0 0 2826 4994; ppageno 0'>
   <div class='ocr_carea' id='block_1_1' title="bbox 603 335 821 400">
    <p class='ocr_par' dir='ltr' id='par_1_1' title="bbox 603 335 821 400">
     <span class='ocr_line' id='line_1_1' title="bbox 603 335 821 400; baseline 0 -17"><span class='ocrx_word' id='word_1_1' title='bbox 603 335 821 400; x_wconf 83' lang='lat'>-63-</span> 
     </span>
    </p>
   </div>
   <div class='ocr_carea' id='block_1_2' title="bbox 127 486 1258 589">
    <p class='ocr_par' dir='ltr' id='par_1_2' title="bbox 127 486 1258 589">
     <span class='ocr_line' id='line_1_2' title="bbox 127 486 1258 589; baseline -0.002 -17"><span class='ocrx_word' id='word_1_2' title='bbox 127 490 269 572; x_wconf 72' lang='grc' dir='ltr'><strong><em>εἶόἷόεν</em></strong></span> <span class='ocrx_word' id='word_1_3' title='bbox 280 493 643 589; x_wconf 63' lang='grc' dir='ltr'><strong><em>αὐτός’(ρᾶοκοντοςδὲ,</em></strong></span> <span class='ocrx_word' id='word_1_4' title='bbox 656 505 805 586; x_wconf 79' lang='grc' dir='ltr'><strong><em>καὶπῶς,</em></strong></span> <span class='ocrx_word' id='word_1_5' title='bbox 822 486 996 582; x_wconf 64' lang='lat' dir='ltr'><strong>titillasset</strong></span> <span class='ocrx_word' id='word_1_6' title='bbox 1007 497 1064 572; x_wconf 72' lang='lat' dir='ltr'><strong>ab.</strong></span> <span class='ocrx_word' id='word_1_7' title='bbox 1088 503 1178 564; x_wconf 83' lang='lat' dir='ltr'><strong>Haec</strong></span> <span class='ocrx_word' id='word_1_8' title='bbox 1192 502 1258 562; x_wconf 79' lang='lat' dir='ltr'><strong>sin.</strong></span> 
     </span>
    </p>
   </div>
   <div class='ocr_carea' id='block_1_3' title="bbox 35 605 1352 796">
    <p class='ocr_par' dir='ltr' id='par_1_3' title="bbox 35 605 1352 796">
     <span class='ocr_line' id='line_1_3' title="bbox 35 605 1257 691; baseline 0 -23"><span class='ocrx_word' id='word_1_9' title='bbox 35 634 38 646; x_wconf 87' lang='lat'>·</span> <span class='ocrx_word' id='word_1_10' title='bbox 128 607 204 690; x_wconf 77' lang='lat' dir='ltr'><strong>gula</strong></span> <span class='ocrx_word' id='word_1_11' title='bbox 217 605 468 691; x_wconf 81' lang='lat' dir='ltr'><strong>apophtegmata,</strong></span> <span class='ocrx_word' id='word_1_12' title='bbox 492 606 532 668; x_wconf 92' lang='lat' dir='ltr'><strong>de</strong></span> <span class='ocrx_word' id='word_1_13' title='bbox 546 605 673 669; x_wconf 82' lang='lat' dir='ltr'>Pericle</span> <span class='ocrx_word' id='word_1_14' title='bbox 688 623 820 672; x_wconf 87' lang='lat' dir='ltr'><strong>servata.</strong></span> <span class='ocrx_word' id='word_1_15' title='bbox 846 608 1010 670; x_wconf 83' lang='lat' dir='ltr'><strong>Clarorum</strong></span> <span class='ocrx_word' id='word_1_16' title='bbox 1020 607 1163 672; x_wconf 77' lang='lat' dir='ltr'><strong>virorum</strong></span> <span class='ocrx_word' id='word_1_17' title='bbox 1187 629 1257 678; x_wconf 82' lang='lat' dir='ltr'><strong>ora-</strong></span> 
     </span>
     <span class='ocr_line' id='line_1_4' title="bbox 128 710 1352 796; baseline -0.002 -23"><span class='ocrx_word' id='word_1_18' title='bbox 128 711 237 774; x_wconf 87' lang='lat' dir='ltr'><strong>tiones</strong></span> <span class='ocrx_word' id='word_1_19' title='bbox 255 711 295 772; x_wconf 89' lang='lat' dir='ltr'><strong>ab</strong></span> <span class='ocrx_word' id='word_1_20' title='bbox 311 710 494 780; x_wconf 74' lang='lat' dir='ltr'><strong>rhetoribus</strong></span> <span class='ocrx_word' id='word_1_21' title='bbox 505 714 737 796; x_wconf 80' lang='lat' dir='ltr'><strong>posterioribus</strong></span> <span class='ocrx_word' id='word_1_22' title='bbox 751 713 987 775; x_wconf 85' lang='lat' dir='ltr'><strong>exercitationis</strong></span> <span class='ocrx_word' id='word_1_23' title='bbox 1002 734 1094 774; x_wconf 89' lang='lat' dir='ltr'><strong>causa</strong></span> <span class='ocrx_word' id='word_1_24' title='bbox 1110 711 1256 773; x_wconf 88' lang='lat' dir='ltr'><strong>elabora-</strong></span> <span class='ocrx_word' id='word_1_25' title='bbox 1349 757 1352 772; x_wconf 82' lang='grc'>.</span> 
     </span>
    </p>
   </div>
   <div class='ocr_carea' id='block_1_4' title="bbox 100 813 1353 3314">
    <p class='ocr_par' dir='ltr' id='par_1_4' title="bbox 128 813 1257 1216">
     <span class='ocr_line' id='line_1_5' title="bbox 128 813 1257 894; baseline 0 -17"><span class='ocrx_word' id='word_1_26' title='bbox 128 830 183 877; x_wconf 88' lang='lat' dir='ltr'><strong>tae</strong></span> <span class='ocrx_word' id='word_1_27' title='bbox 191 815 244 879; x_wconf 85' lang='lat' dir='ltr'><strong>vel</strong></span> <span class='ocrx_word' id='word_1_28' title='bbox 261 816 329 878; x_wconf 88' lang='lat' dir='ltr'><strong>sine</strong></span> <span class='ocrx_word' id='word_1_29' title='bbox 350 817 488 878; x_wconf 89' lang='lat' dir='ltr'><strong>auctoris</strong></span> <span class='ocrx_word' id='word_1_30' title='bbox 504 817 632 878; x_wconf 90' lang='lat' dir='ltr'><strong>nomine</strong></span> <span class='ocrx_word' id='word_1_31' title='bbox 652 819 885 894; x_wconf 79' lang='lat' dir='ltr'><strong>emittebantur,</strong></span> <span class='ocrx_word' id='word_1_32' title='bbox 909 818 993 886; x_wconf 86' lang='lat' dir='ltr'><strong>unde</strong></span> <span class='ocrx_word' id='word_1_33' title='bbox 1013 818 1132 880; x_wconf 81' lang='lat' dir='ltr'><strong>sactum</strong></span> <span class='ocrx_word' id='word_1_34' title='bbox 1151 829 1186 878; x_wconf 88' lang='lat' dir='ltr'><strong>ut</strong></span> <span class='ocrx_word' id='word_1_35' title='bbox 1204 813 1257 878; x_wconf 86' lang='lat' dir='ltr'><strong>alii</strong></span> 
     </span>
     <span class='ocr_line' id='line_1_6' title="bbox 131 910 1255 1008; baseline 0 -26"><span class='ocrx_word' id='word_1_36' title='bbox 131 910 233 1004; x_wconf 80' lang='lat' dir='ltr'><strong>ipsius</strong></span> <span class='ocrx_word' id='word_1_37' title='bbox 246 920 405 996; x_wconf 85' lang='lat' dir='ltr'><strong>Periclis,</strong></span> <span class='ocrx_word' id='word_1_38' title='bbox 440 923 550 984; x_wconf 83' lang='lat' dir='ltr'><strong>Niciae</strong></span> <span class='ocrx_word' id='word_1_39' title='bbox 582 923 778 1008; x_wconf 86' lang='lat' dir='ltr'><strong>aliorumque</strong></span> <span class='ocrx_word' id='word_1_40' title='bbox 809 945 880 984; x_wconf 89' lang='lat' dir='ltr'><strong>esse</strong></span> <span class='ocrx_word' id='word_1_41' title='bbox 906 923 967 984; x_wconf 87' lang='lat' dir='ltr'><strong>sibi</strong></span> <span class='ocrx_word' id='word_1_42' title='bbox 1006 921 1255 1005; x_wconf 84' lang='lat' dir='ltr'><strong>persuaderent3</strong></span> 
     </span>
     <span class='ocr_line' id='line_1_7' title="bbox 130 1025 1256 1112; baseline -0.001 -24"><span class='ocrx_word' id='word_1_43' title='bbox 130 1027 308 1088; x_wconf 85' lang='lat' dir='ltr'><strong>sententiae</strong></span> <span class='ocrx_word' id='word_1_44' title='bbox 321 1025 436 1088; x_wconf 89' lang='lat' dir='ltr'><strong>horum</strong></span> <span class='ocrx_word' id='word_1_45' title='bbox 457 1026 497 1096; x_wconf 86' lang='lat' dir='ltr'><strong>ad</strong></span> <span class='ocrx_word' id='word_1_46' title='bbox 516 1027 592 1088; x_wconf 88' lang='lat' dir='ltr'><strong>artis</strong></span> <span class='ocrx_word' id='word_1_47' title='bbox 613 1042 785 1110; x_wconf 89' lang='lat' dir='ltr'><strong>praecepta</strong></span> <span class='ocrx_word' id='word_1_48' title='bbox 805 1025 898 1090; x_wconf 83' lang='lat' dir='ltr'><strong>fictae</strong></span> <span class='ocrx_word' id='word_1_49' title='bbox 918 1025 1044 1110; x_wconf 87' lang='lat' dir='ltr'><strong>saepius</strong></span> <span class='ocrx_word' id='word_1_50' title='bbox 1064 1027 1147 1112; x_wconf 89' lang='lat' dir='ltr'><strong>apud</strong></span> <span class='ocrx_word' id='word_1_51' title='bbox 1168 1029 1256 1087; x_wconf 87' lang='lat' dir='ltr'><strong>Her-</strong></span> 
     </span>
     <span class='ocr_line' id='line_1_8' title="bbox 129 1127 721 1216; baseline 0.003 -25"><span class='ocrx_word' id='word_1_52' title='bbox 129 1151 301 1216; x_wconf 79' lang='lat' dir='ltr'><strong>mogenem</strong></span> <span class='ocrx_word' id='word_1_53' title='bbox 311 1127 350 1192; x_wconf 52' lang='lat' dir='ltr'><strong>‘et</strong></span> <span class='ocrx_word' id='word_1_54' title='bbox 362 1131 548 1209; x_wconf 59' lang='lat' dir='ltr'><strong>scholiastae</strong></span> <span class='ocrx_word' id='word_1_55' title='bbox 563 1133 721 1216; x_wconf 80' lang='lat' dir='ltr'><strong>leguntur.</strong></span> 
     </span>
    </p>

    <p class='ocr_par' dir='ltr' id='par_1_5' title="bbox 129 1233 1335 2158">
     <span class='ocr_line' id='line_1_9' title="bbox 219 1233 1255 1318; baseline 0 -22"><span class='ocrx_word' id='word_1_56' title='bbox 219 1235 403 1298; x_wconf 80' lang='lat' dir='ltr'><strong>Alcibiades</strong></span> <span class='ocrx_word' id='word_1_57' title='bbox 418 1259 457 1298; x_wconf 91' lang='lat' dir='ltr'><strong>an</strong></span> <span class='ocrx_word' id='word_1_58' title='bbox 476 1236 670 1318; x_wconf 80' lang='lat' dir='ltr'><strong>scriptorum</strong></span> <span class='ocrx_word' id='word_1_59' title='bbox 685 1239 726 1299; x_wconf 88' lang='lat' dir='ltr'><strong>sit</strong></span> <span class='ocrx_word' id='word_1_60' title='bbox 740 1235 993 1299; x_wconf 80' lang='lat' dir='ltr'><strong>adnumerandus</strong></span> <span class='ocrx_word' id='word_1_61' title='bbox 1009 1235 1115 1298; x_wconf 88' lang='lat' dir='ltr'><strong>ordini</strong></span> <span class='ocrx_word' id='word_1_62' title='bbox 1134 1233 1194 1297; x_wconf 81' lang='lat' dir='ltr'><strong>nec</strong></span> <span class='ocrx_word' id='word_1_63' title='bbox 1215 1256 1255 1296; x_wconf 90' lang='lat' dir='ltr'><strong>ne</strong></span> 
     </span>
     <span class='ocr_line' id='line_1_10' title="bbox 132 1340 1256 1428; baseline 0.001 -28"><span class='ocrx_word' id='word_1_64' title='bbox 132 1340 282 1424; x_wconf 84' lang='lat' dir='ltr'><strong>equidem</strong></span> <span class='ocrx_word' id='word_1_65' title='bbox 317 1342 426 1402; x_wconf 88' lang='lat' dir='ltr'><strong>nescio</strong></span> <span class='ocrx_word' id='word_1_66' title='bbox 434 1364 443 1421; x_wconf 82' lang='lat'>3</span> <span class='ocrx_word' id='word_1_67' title='bbox 480 1341 689 1404; x_wconf 80' lang='lat' dir='ltr'><strong>Ruhnltenius</strong></span> <span class='ocrx_word' id='word_1_68' title='bbox 720 1365 790 1428; x_wconf 76' lang='lat' dir='ltr'><strong>pag.</strong></span> <span class='ocrx_word' id='word_1_69' title='bbox 820 1343 966 1404; x_wconf 83' lang='lat' dir='ltr'>XXXIX.</span> <span class='ocrx_word' id='word_1_70' title='bbox 993 1363 1074 1427; x_wconf 89' lang='lat' dir='ltr'><strong>quae</strong></span> <span class='ocrx_word' id='word_1_71' title='bbox 1104 1341 1183 1402; x_wconf 91' lang='lat' dir='ltr'><strong>dicit</strong></span> <span class='ocrx_word' id='word_1_72' title='bbox 1217 1340 1256 1401; x_wconf 94' lang='lat' dir='ltr'><strong>de</strong></span> 
     </span>
     <span class='ocr_line' id='line_1_11' title="bbox 132 1445 1256 1530; baseline 0 -24"><span class='ocrx_word' id='word_1_73' title='bbox 132 1445 261 1530; x_wconf 83' lang='lat' dir='ltr'><strong>Sopatri</strong></span> <span class='ocrx_word' id='word_1_74' title='bbox 282 1445 365 1518; x_wconf 88' lang='lat' dir='ltr'><strong>loco,</strong></span> <span class='ocrx_word' id='word_1_75' title='bbox 388 1445 442 1508; x_wconf 80' lang='lat' dir='ltr'><strong>vix</strong></span> <span class='ocrx_word' id='word_1_76' title='bbox 460 1446 529 1530; x_wconf 91' lang='lat' dir='ltr'><strong>ipse</strong></span> <span class='ocrx_word' id='word_1_77' title='bbox 547 1445 737 1522; x_wconf 88' lang='lat' dir='ltr'><strong>crediderit,</strong></span> <span class='ocrx_word' id='word_1_78' title='bbox 761 1448 820 1510; x_wconf 88' lang='lat' dir='ltr'><strong>alia</strong></span> <span class='ocrx_word' id='word_1_79' title='bbox 842 1448 957 1510; x_wconf 87' lang='lat' dir='ltr'><strong>melior</strong></span> <span class='ocrx_word' id='word_1_80' title='bbox 978 1447 1060 1508; x_wconf 91' lang='lat' dir='ltr'><strong>ratio</strong></span> <span class='ocrx_word' id='word_1_81' title='bbox 1081 1467 1120 1508; x_wconf 84' lang='lat' dir='ltr'><strong>ex</strong></span> <span class='ocrx_word' id='word_1_82' title='bbox 1136 1450 1256 1508; x_wconf 90' lang='lat' dir='ltr'><strong>Demo-</strong></span> 
     </span>
     <span class='ocr_line' id='line_1_12' title="bbox 131 1543 1257 1637; baseline 0 -27"><span class='ocrx_word' id='word_1_83' title='bbox 131 1549 245 1610; x_wconf 81' lang='lat' dir='ltr'><strong>sthene</strong></span> <span class='ocrx_word' id='word_1_84' title='bbox 269 1547 382 1612; x_wconf 88' lang='lat' dir='ltr'><strong>bausta</strong></span> <span class='ocrx_word' id='word_1_85' title='bbox 403 1543 474 1626; x_wconf 50' lang='lat' dir='ltr'><strong>esta</strong></span> <span class='ocrx_word' id='word_1_86' title='bbox 493 1550 549 1611; x_wconf 87' lang='lat' dir='ltr'><strong>sed</strong></span> <span class='ocrx_word' id='word_1_87' title='bbox 574 1551 649 1613; x_wconf 93' lang='lat' dir='ltr'><strong>huic</strong></span> <span class='ocrx_word' id='word_1_88' title='bbox 674 1574 801 1637; x_wconf 87' lang='lat' dir='ltr'><strong>quoque</strong></span> <span class='ocrx_word' id='word_1_89' title='bbox 823 1575 888 1614; x_wconf 90' lang='lat' dir='ltr'><strong>non</strong></span> <span class='ocrx_word' id='word_1_90' title='bbox 910 1552 1043 1612; x_wconf 91' lang='lat' dir='ltr'><strong>multum</strong></span> <span class='ocrx_word' id='word_1_91' title='bbox 1065 1571 1135 1612; x_wconf 88' lang='lat' dir='ltr'><strong>esse</strong></span> <span class='ocrx_word' id='word_1_92' title='bbox 1156 1551 1257 1612; x_wconf 82' lang='lat' dir='ltr'><strong>tribu-</strong></span> 
     </span>
     <span class='ocr_line' id='line_1_13' title="bbox 135 1651 1257 1744; baseline 0 -30"><span class='ocrx_word' id='word_1_93' title='bbox 135 1651 254 1722; x_wconf 87' lang='lat' dir='ltr'><strong>endum</strong></span> <span class='ocrx_word' id='word_1_94' title='bbox 273 1669 306 1716; x_wconf 92' lang='lat' dir='ltr'><strong>et</strong></span> <span class='ocrx_word' id='word_1_95' title='bbox 332 1655 506 1716; x_wconf 88' lang='lat' dir='ltr'><strong>solemnem</strong></span> <span class='ocrx_word' id='word_1_96' title='bbox 522 1675 592 1717; x_wconf 88' lang='lat' dir='ltr'><strong>esse</strong></span> <span class='ocrx_word' id='word_1_97' title='bbox 610 1656 779 1719; x_wconf 84' lang='lat' dir='ltr'><strong>sonnulam</strong></span> <span class='ocrx_word' id='word_1_98' title='bbox 794 1651 840 1737; x_wconf 69' lang='grc' dir='ltr'><strong>ὥς</strong></span> <span class='ocrx_word' id='word_1_99' title='bbox 856 1679 956 1744; x_wconf 76' lang='grc' dir='ltr'><strong><em>φασι,</em></strong></span> <span class='ocrx_word' id='word_1_100' title='bbox 977 1669 1067 1718; x_wconf 85' lang='lat' dir='ltr'><strong>recte</strong></span> <span class='ocrx_word' id='word_1_101' title='bbox 1083 1655 1146 1716; x_wconf 88' lang='lat' dir='ltr'><strong>iam</strong></span> <span class='ocrx_word' id='word_1_102' title='bbox 1166 1659 1257 1715; x_wconf 90' lang='lat' dir='ltr'><strong>Butt-</strong></span> 
     </span>
     <span class='ocr_line' id='line_1_14' title="bbox 130 1757 1257 1846; baseline 0 -29"><span class='ocrx_word' id='word_1_103' title='bbox 130 1761 264 1818; x_wconf 86' lang='lat' dir='ltr'><strong>mannus</strong></span> <span class='ocrx_word' id='word_1_104' title='bbox 273 1757 312 1819; x_wconf 89' lang='lat' dir='ltr'><strong>ad</strong></span> <span class='ocrx_word' id='word_1_105' title='bbox 318 1758 448 1822; x_wconf 88' lang='lat' dir='ltr'><strong>Midian.</strong></span> <span class='ocrx_word' id='word_1_106' title='bbox 457 1781 529 1843; x_wconf 84' lang='lat' dir='ltr'><strong>pag.</strong></span> <span class='ocrx_word' id='word_1_107' title='bbox 539 1767 590 1828; x_wconf 85' lang='lat'><strong>80.</strong></span> <span class='ocrx_word' id='word_1_108' title='bbox 601 1761 681 1824; x_wconf 86' lang='lat' dir='ltr'><strong>vidit</strong></span> <span class='ocrx_word' id='word_1_109' title='bbox 687 1763 755 1846; x_wconf 88' lang='lat' dir='ltr'><strong>ipse</strong></span> <span class='ocrx_word' id='word_1_110' title='bbox 764 1761 924 1824; x_wconf 87' lang='lat' dir='ltr'><strong>orationes</strong></span> <span class='ocrx_word' id='word_1_111' title='bbox 937 1781 1001 1821; x_wconf 91' lang='lat' dir='ltr'><strong>non</strong></span> <span class='ocrx_word' id='word_1_112' title='bbox 1010 1760 1169 1820; x_wconf 84' lang='lat' dir='ltr'><strong>exstitisse</strong></span> <span class='ocrx_word' id='word_1_113' title='bbox 1178 1777 1257 1818; x_wconf 89' lang='lat' dir='ltr'><strong>cen-</strong></span> 
     </span>
     <span class='ocr_line' id='line_1_15' title="bbox 131 1863 1257 1953; baseline 0.001 -31"><span class='ocrx_word' id='word_1_114' title='bbox 131 1883 215 1924; x_wconf 82' lang='lat' dir='ltr'><strong>sens.</strong></span> <span class='ocrx_word' id='word_1_115' title='bbox 225 1863 381 1953; x_wconf 16' lang='lat' dir='ltr'><strong>&#39;Fortasse</strong></span> <span class='ocrx_word' id='word_1_116' title='bbox 398 1885 476 1928; x_wconf 83' lang='lat' dir='ltr'><strong>vere</strong></span> <span class='ocrx_word' id='word_1_117' title='bbox 484 1887 493 1944; x_wconf 89' lang='lat'>;</span> <span class='ocrx_word' id='word_1_118' title='bbox 519 1864 576 1926; x_wconf 89' lang='lat' dir='ltr'><strong>sed</strong></span> <span class='ocrx_word' id='word_1_119' title='bbox 590 1885 662 1927; x_wconf 91' lang='lat' dir='ltr'><strong>cum</strong></span> <span class='ocrx_word' id='word_1_120' title='bbox 668 1887 756 1927; x_wconf 87' lang='lat' dir='ltr'><strong>mera</strong></span> <span class='ocrx_word' id='word_1_121' title='bbox 769 1866 809 1926; x_wconf 87' lang='lat' dir='ltr'><strong>sit</strong></span> <span class='ocrx_word' id='word_1_122' title='bbox 821 1866 1004 1927; x_wconf 88' lang='lat' dir='ltr'><strong>coniectura</strong></span> <span class='ocrx_word' id='word_1_123' title='bbox 1015 1883 1119 1947; x_wconf 92' lang='lat' dir='ltr'><strong>neque</strong></span> <span class='ocrx_word' id='word_1_124' title='bbox 1127 1877 1257 1924; x_wconf 86' lang='lat' dir='ltr'><strong>contra-</strong></span> 
     </span>
     <span class='ocr_line' id='line_1_16' title="bbox 129 1967 1253 2052; baseline 0.003 -26"><span class='ocrx_word' id='word_1_125' title='bbox 129 1967 178 2028; x_wconf 88' lang='lat' dir='ltr'><strong>ria</strong></span> <span class='ocrx_word' id='word_1_126' title='bbox 190 1968 298 2052; x_wconf 84' lang='lat' dir='ltr'><strong>opinio</strong></span> <span class='ocrx_word' id='word_1_127' title='bbox 313 1969 413 2052; x_wconf 88' lang='lat' dir='ltr'><strong>possit</strong></span> <span class='ocrx_word' id='word_1_128' title='bbox 422 1969 557 2034; x_wconf 84' lang='lat' dir='ltr'><strong>refutari</strong></span> <span class='ocrx_word' id='word_1_129' title='bbox 572 1969 662 2030; x_wconf 91' lang='lat' dir='ltr'><strong>simul</strong></span> <span class='ocrx_word' id='word_1_130' title='bbox 671 1971 744 2033; x_wconf 83' lang='lat' dir='ltr'><strong>vani</strong></span> <span class='ocrx_word' id='word_1_131' title='bbox 759 1968 1125 2052; x_wconf 81' lang='lat' dir='ltr'><strong>illiushominisingenio</strong></span> <span class='ocrx_word' id='word_1_132' title='bbox 1135 1969 1253 2052; x_wconf 88' lang='lat' dir='ltr'><strong>scripta</strong></span> 
     </span>
     <span class='ocr_line' id='line_1_17' title="bbox 129 2059 1335 2158; baseline 0 -26"><span class='ocrx_word' id='word_1_133' title='bbox 129 2094 196 2134; x_wconf 91' lang='lat' dir='ltr'><strong>non</strong></span> <span class='ocrx_word' id='word_1_134' title='bbox 209 2074 318 2156; x_wconf 92' lang='lat' dir='ltr'><strong>inepte</strong></span> <span class='ocrx_word' id='word_1_135' title='bbox 328 2066 534 2147; x_wconf 54' lang='lat' dir='ltr'><strong>‘conveniant</strong></span> <span class='ocrx_word' id='word_1_136' title='bbox 558 2059 628 2136; x_wconf 76' lang='lat' dir='ltr'><strong>rem</strong></span> <span class='ocrx_word' id='word_1_137' title='bbox 640 2089 676 2136; x_wconf 90' lang='lat' dir='ltr'><strong>ut</strong></span> <span class='ocrx_word' id='word_1_138' title='bbox 688 2076 842 2138; x_wconf 83' lang='lat' dir='ltr'><strong>incertam</strong></span> <span class='ocrx_word' id='word_1_139' title='bbox 863 2075 895 2136; x_wconf 91' lang='lat' dir='ltr'><strong>in</strong></span> <span class='ocrx_word' id='word_1_140' title='bbox 911 2073 1017 2136; x_wconf 90' lang='lat' dir='ltr'><strong>medio</strong></span> <span class='ocrx_word' id='word_1_141' title='bbox 1030 2074 1254 2158; x_wconf 87' lang='lat' dir='ltr'><strong>relinquamus.</strong></span> <span class='ocrx_word' id='word_1_142' title='bbox 1334 2099 1335 2104; x_wconf 45' lang='lat'>¹</span> 
     </span>
    </p>

    <p class='ocr_par' dir='ltr' id='par_1_6' title="bbox 130 2176 1255 2466">
     <span class='ocr_line' id='line_1_18' title="bbox 219 2176 1255 2266; baseline 0.003 -28"><span class='ocrx_word' id='word_1_143' title='bbox 219 2181 288 2241; x_wconf 86' lang='lat' dir='ltr'><strong>Hos</strong></span> <span class='ocrx_word' id='word_1_144' title='bbox 309 2177 389 2241; x_wconf 91' lang='lat' dir='ltr'><strong>duos</strong></span> <span class='ocrx_word' id='word_1_145' title='bbox 410 2181 552 2266; x_wconf 82' lang='lat' dir='ltr'><strong>quamvis</strong></span> <span class='ocrx_word' id='word_1_146' title='bbox 570 2180 654 2240; x_wconf 89' lang='lat' dir='ltr'><strong>nihil</strong></span> <span class='ocrx_word' id='word_1_147' title='bbox 674 2179 713 2240; x_wconf 83' lang='lat' dir='ltr'><strong>ad</strong></span> <span class='ocrx_word' id='word_1_148' title='bbox 733 2196 877 2242; x_wconf 89' lang='lat' dir='ltr'><strong>nostrum</strong></span> <span class='ocrx_word' id='word_1_149' title='bbox 894 2179 1014 2242; x_wconf 84' lang='lat' dir='ltr'><strong>faciunt</strong></span> <span class='ocrx_word' id='word_1_150' title='bbox 1035 2176 1130 2240; x_wconf 87' lang='lat' dir='ltr'><strong>finem</strong></span> <span class='ocrx_word' id='word_1_151' title='bbox 1149 2199 1201 2238; x_wconf 90' lang='lat' dir='ltr'><strong>me</strong></span> <span class='ocrx_word' id='word_1_152' title='bbox 1221 2177 1255 2241; x_wconf 88' lang='lat' dir='ltr'><strong>in</strong></span> 
     </span>
     <span class='ocr_line' id='line_1_19' title="bbox 130 2279 1254 2368; baseline -0.003 -23"><span class='ocrx_word' id='word_1_153' title='bbox 130 2283 266 2345; x_wconf 88' lang='lat' dir='ltr'><strong>transitu</strong></span> <span class='ocrx_word' id='word_1_154' title='bbox 291 2283 434 2368; x_wconf 82' lang='lat' dir='ltr'><strong>tetigisse</strong></span> <span class='ocrx_word' id='word_1_155' title='bbox 462 2284 630 2368; x_wconf 80' lang='lat' dir='ltr'><strong>ignoscant</strong></span> <span class='ocrx_word' id='word_1_156' title='bbox 655 2285 809 2365; x_wconf 79' lang='lat' dir='ltr'><strong>lectores3</strong></span> <span class='ocrx_word' id='word_1_157' title='bbox 832 2284 912 2346; x_wconf 91' lang='lat' dir='ltr'><strong>illud</strong></span> <span class='ocrx_word' id='word_1_158' title='bbox 929 2279 969 2345; x_wconf 85' lang='lat' dir='ltr'><strong>‹le</strong></span> <span class='ocrx_word' id='word_1_159' title='bbox 990 2283 1116 2346; x_wconf 88' lang='lat' dir='ltr'><strong>Pericle</strong></span> <span class='ocrx_word' id='word_1_160' title='bbox 1141 2283 1254 2342; x_wconf 88' lang='lat' dir='ltr'><strong>melius</strong></span> 
     </span>
     <span class='ocr_line' id='line_1_20' title="bbox 131 2387 566 2466; baseline 0.005 -17"><span class='ocrx_word' id='word_1_161' title='bbox 131 2403 221 2450; x_wconf 90' lang='lat' dir='ltr'><strong>certe</strong></span> <span class='ocrx_word' id='word_1_162' title='bbox 239 2402 307 2450; x_wconf 88' lang='lat' dir='ltr'><strong>erat</strong></span> <span class='ocrx_word' id='word_1_163' title='bbox 324 2387 566 2466; x_wconf 71' lang='lat' dir='ltr'><strong>ostendendum,</strong></span> 
     </span>
    </p>

    <p class='ocr_par' dir='ltr' id='par_1_7' title="bbox 100 2491 1353 3314">
     <span class='ocr_line' id='line_1_21' title="bbox 218 2491 1315 2580; baseline -0.002 -27"><span class='ocrx_word' id='word_1_164' title='bbox 218 2495 327 2580; x_wconf 87' lang='lat' dir='ltr'><strong>ltaque</strong></span> <span class='ocrx_word' id='word_1_165' title='bbox 342 2507 509 2578; x_wconf 89' lang='lat' dir='ltr'><strong>antequam</strong></span> <span class='ocrx_word' id='word_1_166' title='bbox 529 2494 708 2557; x_wconf 90' lang='lat' dir='ltr'><strong>Siculorum</strong></span> <span class='ocrx_word' id='word_1_167' title='bbox 727 2495 834 2557; x_wconf 88' lang='lat' dir='ltr'><strong>schola</strong></span> <span class='ocrx_word' id='word_1_168' title='bbox 849 2494 989 2556; x_wconf 78' lang='lat' dir='ltr'><strong>Athenas</strong></span> <span class='ocrx_word' id='word_1_169' title='bbox 1004 2493 1154 2567; x_wconf 83' lang='lat' dir='ltr'><strong>venisset,</strong></span> <span class='ocrx_word' id='word_1_170' title='bbox 1172 2491 1254 2574; x_wconf 87' lang='lat' dir='ltr'><strong>apud</strong></span> <span class='ocrx_word' id='word_1_171' title='bbox 1313 2553 1315 2560; x_wconf 69' lang='grc'><strong>,</strong></span> 
     </span>
     <span class='ocr_line' id='line_1_22' title="bbox 133 2591 1339 2684; baseline -0.004 -24"><span class='ocrx_word' id='word_1_172' title='bbox 133 2599 276 2661; x_wconf 90' lang='lat' dir='ltr'><strong>Graecos</strong></span> <span class='ocrx_word' id='word_1_173' title='bbox 293 2599 504 2683; x_wconf 87' lang='lat' dir='ltr'><strong>sophistarum</strong></span> <span class='ocrx_word' id='word_1_174' title='bbox 524 2600 621 2684; x_wconf 73' lang='lat' dir='ltr'><strong>operit</strong></span> <span class='ocrx_word' id='word_1_175' title='bbox 635 2623 686 2662; x_wconf 87' lang='lat' dir='ltr'><strong>ars</strong></span> <span class='ocrx_word' id='word_1_176' title='bbox 700 2601 838 2662; x_wconf 90' lang='lat' dir='ltr'><strong>oratoria</strong></span> <span class='ocrx_word' id='word_1_177' title='bbox 855 2600 971 2660; x_wconf 87' lang='lat' dir='ltr'><strong>sensim</strong></span> <span class='ocrx_word' id='word_1_178' title='bbox 991 2599 1130 2672; x_wconf 88' lang='lat' dir='ltr'><strong>emersit,</strong></span> <span class='ocrx_word' id='word_1_179' title='bbox 1155 2597 1209 2682; x_wconf 87' lang='lat' dir='ltr'><strong>qui</strong></span> <span class='ocrx_word' id='word_1_180' title='bbox 1228 2597 1255 2656; x_wconf 88' lang='lat' dir='ltr'><strong>si</strong></span> <span class='ocrx_word' id='word_1_181' title='bbox 1312 2591 1339 2670; x_wconf 43' lang='lat' dir='ltr'>s</span> 
     </span>
     <span class='ocr_line' id='line_1_23' title="bbox 133 2699 1253 2798; baseline -0.004 -34"><span class='ocrx_word' id='word_1_182' title='bbox 133 2703 185 2764; x_wconf 90' lang='lat' dir='ltr'><strong>cui</strong></span> <span class='ocrx_word' id='word_1_183' title='bbox 199 2704 329 2780; x_wconf 79' lang='lat' dir='ltr'><strong>vellent,</strong></span> <span class='ocrx_word' id='word_1_184' title='bbox 351 2705 437 2789; x_wconf 91' lang='lat' dir='ltr'><strong>quod</strong></span> <span class='ocrx_word' id='word_1_185' title='bbox 450 2706 586 2767; x_wconf 81' lang='lat' dir='ltr'><strong>maxime</strong></span> <span class='ocrx_word' id='word_1_186' title='bbox 601 2706 761 2780; x_wconf 88' lang='lat' dir='ltr'><strong>volebant,</strong></span> <span class='ocrx_word' id='word_1_187' title='bbox 784 2703 989 2788; x_wconf 74' lang='lat' dir='ltr'><strong>pertuadere,</strong></span> <span class='ocrx_word' id='word_1_188' title='bbox 1014 2718 1049 2764; x_wconf 89' lang='lat' dir='ltr'><strong>ut</strong></span> <span class='ocrx_word' id='word_1_189' title='bbox 1064 2705 1098 2764; x_wconf 93' lang='lat' dir='ltr'><strong>in</strong></span> <span class='ocrx_word' id='word_1_190' title='bbox 1117 2699 1253 2798; x_wconf 75' lang='lat' dir='ltr'><strong>dicendo</strong></span> 
     </span>
     <span class='ocr_line' id='line_1_24' title="bbox 132 2807 1253 2894; baseline -0.003 -26"><span class='ocrx_word' id='word_1_191' title='bbox 132 2823 240 2870; x_wconf 87' lang='lat' dir='ltr'><strong>essent</strong></span> <span class='ocrx_word' id='word_1_192' title='bbox 258 2809 341 2871; x_wconf 91' lang='lat' dir='ltr'><strong>bene</strong></span> <span class='ocrx_word' id='word_1_193' title='bbox 359 2810 487 2885; x_wconf 86' lang='lat' dir='ltr'><strong>versati,</strong></span> <span class='ocrx_word' id='word_1_194' title='bbox 509 2809 648 2894; x_wconf 89' lang='lat' dir='ltr'><strong>primum</strong></span> <span class='ocrx_word' id='word_1_195' title='bbox 671 2825 740 2873; x_wconf 93' lang='lat' dir='ltr'><strong>erat</strong></span> <span class='ocrx_word' id='word_1_196' title='bbox 757 2809 851 2894; x_wconf 84' lang='lat' dir='ltr'><strong>quod</strong></span> <span class='ocrx_word' id='word_1_197' title='bbox 862 2807 1069 2893; x_wconf 79' lang='lat' dir='ltr'><strong>flagitaretur.</strong></span> <span class='ocrx_word' id='word_1_198' title='bbox 1115 2807 1253 2869; x_wconf 84' lang='lat' dir='ltr'><strong>Omnino</strong></span> 
     </span>
     <span class='ocr_line' id='line_1_25' title="bbox 132 2909 1326 3001; baseline -0.003 -27"><span class='ocrx_word' id='word_1_199' title='bbox 132 2914 250 2974; x_wconf 87' lang='lat' dir='ltr'><strong>Graeci</strong></span> <span class='ocrx_word' id='word_1_200' title='bbox 277 2915 436 2999; x_wconf 86' lang='lat' dir='ltr'><strong>sophistae</strong></span> <span class='ocrx_word' id='word_1_201' title='bbox 458 2930 490 2978; x_wconf 91' lang='lat' dir='ltr'><strong>et</strong></span> <span class='ocrx_word' id='word_1_202' title='bbox 504 2937 597 3001; x_wconf 80' lang='lat' dir='ltr'><strong>¹quos</strong></span> <span class='ocrx_word' id='word_1_203' title='bbox 622 2915 758 2977; x_wconf 76' lang='lat' dir='ltr'><strong>diximus</strong></span> <span class='ocrx_word' id='word_1_204' title='bbox 781 2929 814 2976; x_wconf 91' lang='lat' dir='ltr'><strong>et</strong></span> <span class='ocrx_word' id='word_1_205' title='bbox 835 2913 889 2975; x_wconf 91' lang='lat' dir='ltr'><strong>alii</strong></span> <span class='ocrx_word' id='word_1_206' title='bbox 909 2913 1013 2974; x_wconf 90' lang='lat' dir='ltr'><strong>minus</strong></span> <span class='ocrx_word' id='word_1_207' title='bbox 1029 2913 1096 2975; x_wconf 89' lang='lat' dir='ltr'><strong>noti</strong></span> <span class='ocrx_word' id='word_1_208' title='bbox 1113 2926 1203 2973; x_wconf 91' lang='lat' dir='ltr'><strong>recte</strong></span> <span class='ocrx_word' id='word_1_209' title='bbox 1221 2924 1277 2974; x_wconf 70' lang='lat' dir='ltr'><strong>et,</strong></span> <span class='ocrx_word' id='word_1_210' title='bbox 1325 2909 1326 2916; x_wconf 64' lang='lat'><em>&#39;</em></span> 
     </span>
     <span class='ocr_line' id='line_1_26' title="bbox 133 3017 1254 3106; baseline -0.001 -29"><span class='ocrx_word' id='word_1_211' title='bbox 133 3017 274 3080; x_wconf 90' lang='lat' dir='ltr'><strong>dilucide</strong></span> <span class='ocrx_word' id='word_1_212' title='bbox 294 3021 402 3106; x_wconf 86' lang='lat' dir='ltr'><strong>eloqui</strong></span> <span class='ocrx_word' id='word_1_213' title='bbox 423 3021 599 3095; x_wconf 86' lang='lat' dir='ltr'><strong>studebant,</strong></span> <span class='ocrx_word' id='word_1_214' title='bbox 624 3035 656 3082; x_wconf 95' lang='lat' dir='ltr'><strong>et</strong></span> <span class='ocrx_word' id='word_1_215' title='bbox 677 3022 703 3081; x_wconf 91' lang='lat' dir='ltr'><strong>si</strong></span> <span class='ocrx_word' id='word_1_216' title='bbox 726 3042 790 3082; x_wconf 92' lang='lat' dir='ltr'><strong>uno</strong></span> <span class='ocrx_word' id='word_1_217' title='bbox 804 3019 960 3084; x_wconf 74' lang='lat' dir='ltr'><strong>vocabulo</strong></span> <span class='ocrx_word' id='word_1_218' title='bbox 980 3019 1085 3082; x_wconf 87' lang='lat' dir='ltr'><strong>omnia</strong></span> <span class='ocrx_word' id='word_1_219' title='bbox 1109 3037 1254 3100; x_wconf 87' lang='lat' dir='ltr'><strong>compre-</strong></span> 
     </span>
     <span class='ocr_line' id='line_1_27' title="bbox 130 3117 1353 3226; baseline -0.006 -25"><span class='ocrx_word' id='word_1_220' title='bbox 130 3123 316 3201; x_wconf 61' lang='lat' dir='ltr'><strong>hendamus,</strong></span> <span class='ocrx_word' id='word_1_221' title='bbox 341 3127 457 3188; x_wconf 69' lang='lat' dir='ltr'><strong>Grassci</strong></span> <span class='ocrx_word' id='word_1_222' title='bbox 476 3117 749 3215; x_wconf 65' lang='lat' dir='ltr'><strong>dpflos‘rtetavt</strong></span> <span class='ocrx_word' id='word_1_223' title='bbox 764 3125 863 3188; x_wconf 71' lang='lat' dir='ltr'><strong>Siculi</strong></span> <span class='ocrx_word' id='word_1_224' title='bbox 888 3117 1093 3226; x_wconf 68' lang='grc' dir='ltr'><strong><em>εὖέττειαν</em></strong></span> <span class='ocrx_word' id='word_1_225' title='bbox 1112 3124 1255 3186; x_wconf 73' lang='lat' dir='ltr'><strong>elabora·</strong></span> <span class='ocrx_word' id='word_1_226' title='bbox 1350 3125 1353 3134; x_wconf 70' lang='grc'>’</span> 
     </span>
     <span class='ocr_line' id='line_1_28' title="bbox 100 3228 1043 3314; baseline 0.004 -26"><span class='ocrx_word' id='word_1_227' title='bbox 100 3245 103 3248; x_wconf 88' lang='grc'><em>·</em></span> <span class='ocrx_word' id='word_1_228' title='bbox 129 3228 217 3303; x_wconf 88' lang='lat' dir='ltr'><strong>bant,</strong></span> <span class='ocrx_word' id='word_1_229' title='bbox 241 3229 298 3290; x_wconf 90' lang='lat' dir='ltr'><strong>sed</strong></span> <span class='ocrx_word' id='word_1_230' title='bbox 310 3231 471 3314; x_wconf 88' lang='lat' dir='ltr'><strong>posterius</strong></span> <span class='ocrx_word' id='word_1_231' title='bbox 488 3232 550 3292; x_wconf 90' lang='lat' dir='ltr'><strong>iam</strong></span> <span class='ocrx_word' id='word_1_232' title='bbox 567 3232 659 3293; x_wconf 89' lang='lat' dir='ltr'><strong>latius</strong></span> <span class='ocrx_word' id='word_1_233' title='bbox 675 3231 739 3292; x_wconf 92' lang='lat' dir='ltr'><strong>erit</strong></span> <span class='ocrx_word' id='word_1_234' title='bbox 754 3230 1043 3294; x_wconf 89' lang='lat' dir='ltr'><strong>demonstrandum.</strong></span> 
     </span>
    </p>
   </div>
   <div class='ocr_carea' id='block_1_5' title="bbox 165 3328 1376 3431">
    <p class='ocr_par' dir='ltr' id='par_1_8' title="bbox 165 3328 1376 3431">
     <span class='ocr_line' id='line_1_29' title="bbox 165 3328 1376 3431; baseline -0.002 -37"><span class='ocrx_word' id='word_1_235' title='bbox 165 3336 168 3345; x_wconf 81' lang='grc'>’</span> <span class='ocrx_word' id='word_1_236' title='bbox 217 3335 385 3400; x_wconf 82' lang='lat' dir='ltr'><strong>Maximam</strong></span> <span class='ocrx_word' id='word_1_237' title='bbox 406 3337 545 3398; x_wconf 84' lang='lat' dir='ltr'><strong>omnium</strong></span> <span class='ocrx_word' id='word_1_238' title='bbox 567 3338 701 3422; x_wconf 78' lang='lat' dir='ltr'><strong>gloriam</strong></span> <span class='ocrx_word' id='word_1_239' title='bbox 718 3336 868 3400; x_wconf 81' lang='lat' dir='ltr'><strong>facultate</strong></span> <span class='ocrx_word' id='word_1_240' title='bbox 889 3358 945 3398; x_wconf 89' lang='lat' dir='ltr'><strong>sua</strong></span> <span class='ocrx_word' id='word_1_241' title='bbox 959 3333 1112 3424; x_wconf 86' lang='lat' dir='ltr'><strong>loquendi</strong></span> <span class='ocrx_word' id='word_1_242' title='bbox 1129 3351 1254 3429; x_wconf 79' lang='lat' dir='ltr'><strong>assecu-</strong></span> <span class='ocrx_word' id='word_1_243' title='bbox 1322 3421 1326 3431; x_wconf 26' lang='lat'><strong>¹</strong></span> <span class='ocrx_word' id='word_1_244' title='bbox 1374 3328 1376 3337; x_wconf 85' lang='lat'>&#39;</span> 
     </span>
    </p>
   </div>
   <div class='ocr_carea' id='block_1_6' title="bbox 107 3433 1256 4058">
    <p class='ocr_par' dir='ltr' id='par_1_9' title="bbox 130 3433 1255 3526">
     <span class='ocr_line' id='line_1_30' title="bbox 130 3433 1255 3526; baseline 0 -28"><span class='ocrx_word' id='word_1_245' title='bbox 130 3451 181 3498; x_wconf 88' lang='lat' dir='ltr'><strong>tus</strong></span> <span class='ocrx_word' id='word_1_246' title='bbox 197 3443 245 3500; x_wconf 78' lang='lat' dir='ltr'><strong>‘est</strong></span> <span class='ocrx_word' id='word_1_247' title='bbox 260 3433 396 3526; x_wconf 76' lang='lat' dir='ltr'><strong>Gorgias</strong></span> <span class='ocrx_word' id='word_1_248' title='bbox 410 3442 621 3504; x_wconf 77' lang='lat' dir='ltr'><strong>llarmantidis</strong></span> <span class='ocrx_word' id='word_1_249' title='bbox 640 3439 734 3516; x_wconf 83' lang='lat' dir='ltr'><strong>filius,</strong></span> <span class='ocrx_word' id='word_1_250' title='bbox 757 3441 931 3526; x_wconf 88' lang='lat' dir='ltr'><strong>discipulus</strong></span> <span class='ocrx_word' id='word_1_251' title='bbox 945 3441 1062 3514; x_wconf 74' lang='lat' dir='ltr'><strong>Tisias,</strong></span> <span class='ocrx_word' id='word_1_252' title='bbox 1084 3451 1255 3524; x_wconf 76' lang='lat' dir='ltr'><strong>quamtum</strong></span> 
     </span>
    </p>

    <p class='ocr_par' dir='ltr' id='par_1_10' title="bbox 107 3534 1255 3637">
     <span class='ocr_line' id='line_1_31' title="bbox 107 3534 1255 3637; baseline 0.002 -35"><span class='ocrx_word' id='word_1_253' title='bbox 107 3534 108 3538; x_wconf 56' lang='grc'>’</span> <span class='ocrx_word' id='word_1_254' title='bbox 130 3544 268 3625; x_wconf 88' lang='lat' dir='ltr'><strong>primum</strong></span> <span class='ocrx_word' id='word_1_255' title='bbox 282 3565 354 3606; x_wconf 90' lang='lat' dir='ltr'><strong>cum</strong></span> <span class='ocrx_word' id='word_1_256' title='bbox 369 3547 561 3632; x_wconf 81' lang='lat' dir='ltr'><strong>legationem</strong></span> <span class='ocrx_word' id='word_1_257' title='bbox 576 3547 610 3608; x_wconf 92' lang='lat' dir='ltr'><strong>in</strong></span> <span class='ocrx_word' id='word_1_258' title='bbox 622 3547 744 3630; x_wconf 87' lang='lat' dir='ltr'><strong>patriae</strong></span> <span class='ocrx_word' id='word_1_259' title='bbox 760 3569 834 3610; x_wconf 87' lang='lat' dir='ltr'><strong>suae</strong></span> <span class='ocrx_word' id='word_1_260' title='bbox 847 3548 996 3637; x_wconf 84' lang='lat' dir='ltr'><strong>auxilium</strong></span> <span class='ocrx_word' id='word_1_261' title='bbox 1010 3545 1144 3608; x_wconf 86' lang='lat' dir='ltr'><strong>obiisset</strong></span> <span class='ocrx_word' id='word_1_262' title='bbox 1156 3543 1255 3606; x_wconf 85' lang='lat' dir='ltr'><strong>Athe-</strong></span> 
     </span>
    </p>

    <p class='ocr_par' dir='ltr' id='par_1_11' title="bbox 129 3649 1254 3837">
     <span class='ocr_line' id='line_1_32' title="bbox 131 3649 1254 3738; baseline 0.005 -32"><span class='ocrx_word' id='word_1_263' title='bbox 131 3669 195 3738; x_wconf 67' lang='lat' dir='ltr'><strong>naq</strong></span> <span class='ocrx_word' id='word_1_264' title='bbox 203 3649 330 3712; x_wconf 84' lang='lat' dir='ltr'><strong>venisse</strong></span> <span class='ocrx_word' id='word_1_265' title='bbox 343 3651 507 3714; x_wconf 87' lang='lat' dir='ltr'><strong>Diodorus</strong></span> <span class='ocrx_word' id='word_1_266' title='bbox 521 3653 589 3727; x_wconf 89' lang='lat' dir='ltr'><strong>XII,</strong></span> <span class='ocrx_word' id='word_1_267' title='bbox 606 3659 656 3720; x_wconf 76' lang='grc'><strong>53.</strong></span> <span class='ocrx_word' id='word_1_268' title='bbox 670 3654 743 3715; x_wconf 90' lang='lat' dir='ltr'><strong>loco</strong></span> <span class='ocrx_word' id='word_1_269' title='bbox 758 3667 836 3717; x_wconf 91' lang='lat' dir='ltr'><strong>noto</strong></span> <span class='ocrx_word' id='word_1_270' title='bbox 854 3669 888 3717; x_wconf 91' lang='lat' dir='ltr'><strong>et</strong></span> <span class='ocrx_word' id='word_1_271' title='bbox 904 3651 1103 3716; x_wconf 89' lang='lat' dir='ltr'><strong>memorabili</strong></span> <span class='ocrx_word' id='word_1_272' title='bbox 1116 3651 1168 3713; x_wconf 86' lang='lat' dir='ltr'><strong>his</strong></span> <span class='ocrx_word' id='word_1_273' title='bbox 1181 3669 1254 3716; x_wconf 80' lang='lat' dir='ltr'><strong>ver·</strong></span> 
     </span>
     <span class='ocr_line' id='line_1_33' title="bbox 129 3751 1162 3837; baseline 0.015 -26"><span class='ocrx_word' id='word_1_274' title='bbox 129 3751 180 3813; x_wconf 87' lang='lat' dir='ltr'><strong>bis</strong></span> <span class='ocrx_word' id='word_1_275' title='bbox 193 3757 345 3837; x_wconf 72' lang='lat' dir='ltr'><strong>testatur3</strong></span> <span class='ocrx_word' id='word_1_276' title='bbox 1159 3820 1162 3826; x_wconf 29' lang='lat' dir='ltr'><strong>t</strong></span> 
     </span>
    </p>

    <p class='ocr_par' dir='ltr' id='par_1_12' title="bbox 215 3853 1255 3948">
     <span class='ocr_line' id='line_1_34' title="bbox 215 3853 1255 3948; baseline 0.004 -22"><span class='ocrx_word' id='word_1_277' title='bbox 215 3853 284 3928; x_wconf 79' lang='lat' dir='ltr'><strong>’En’</strong></span> <span class='ocrx_word' id='word_1_278' title='bbox 295 3855 630 3948; x_wconf 73' lang='grc' dir='ltr'><strong><em>ἅρχοντοςΕὗκλέοος</em></strong></span> <span class='ocrx_word' id='word_1_279' title='bbox 646 3917 688 3932; x_wconf 92' lang='grc'><strong>...</strong></span> <span class='ocrx_word' id='word_1_280' title='bbox 703 3861 789 3932; x_wconf 73' lang='grc' dir='ltr'><strong><em>κοντοὶ</em></strong></span> <span class='ocrx_word' id='word_1_281' title='bbox 797 3865 957 3935; x_wconf 76' lang='grc' dir='ltr'><strong><em>Σικελίαν</em></strong></span> <span class='ocrx_word' id='word_1_282' title='bbox 965 3856 1147 3934; x_wconf 69' lang='grc' dir='ltr'><strong><em>Λεοντῖνοι</em></strong></span> <span class='ocrx_word' id='word_1_283' title='bbox 1160 3864 1255 3931; x_wconf 80' lang='grc' dir='ltr'><strong><em>Χαλ-</em></strong></span> 
     </span>
    </p>

    <p class='ocr_par' dir='ltr' id='par_1_13' title="bbox 128 3962 1256 4058">
     <span class='ocr_line' id='line_1_35' title="bbox 128 3962 1256 4058; baseline 0.004 -28"><span class='ocrx_word' id='word_1_284' title='bbox 128 3963 252 4032; x_wconf 77' lang='grc' dir='ltr'><strong><em>κιδέων</em></strong></span> <span class='ocrx_word' id='word_1_285' title='bbox 276 3965 337 4051; x_wconf 82' lang='grc' dir='ltr'><strong>μὲν</strong></span> <span class='ocrx_word' id='word_1_286' title='bbox 364 3962 458 4046; x_wconf 74' lang='grc' dir='ltr'><strong><em>ὄντος</em></strong></span> <span class='ocrx_word' id='word_1_287' title='bbox 478 3963 631 4045; x_wconf 75' lang='grc' dir='ltr'><strong><em>ἄποικοι,</em></strong></span> <span class='ocrx_word' id='word_1_288' title='bbox 669 3978 834 4058; x_wconf 77' lang='grc' dir='ltr'><em>συγγενεῖς</em></span> <span class='ocrx_word' id='word_1_289' title='bbox 857 3971 893 4040; x_wconf 76' lang='grc' dir='ltr'><strong>δὲ</strong></span> <span class='ocrx_word' id='word_1_290' title='bbox 920 3962 1114 4058; x_wconf 60' lang='grc' dir='ltr'><strong>Ἀθηναίων</strong></span> <span class='ocrx_word' id='word_1_291' title='bbox 1135 3968 1256 4051; x_wconf 70' lang='grc' dir='ltr'><strong><em>ἔτυχον</em></strong></span> 
     </span>
    </p>
   </div>
   <div class='ocr_carea' id='block_1_7' title="bbox 131 4061 1395 4166">
    <p class='ocr_par' dir='ltr' id='par_1_14' title="bbox 131 4061 1395 4166">
     <span class='ocr_line' id='line_1_36' title="bbox 131 4061 1395 4166; baseline 0.008 -30"><span class='ocrx_word' id='word_1_292' title='bbox 131 4061 200 4136; x_wconf 69' lang='lat' dir='ltr'><strong>dat</strong></span> <span class='ocrx_word' id='word_1_293' title='bbox 218 4073 465 4157; x_wconf 80' lang='grc' dir='ltr'><strong><em>Συρακουσίων</em></strong></span> <span class='ocrx_word' id='word_1_294' title='bbox 484 4067 744 4160; x_wconf 64' lang='grc' dir='ltr'><strong><em>πολεμούμενοι·</em></strong></span> <span class='ocrx_word' id='word_1_295' title='bbox 766 4069 961 4161; x_wconf 72' lang='grc' dir='ltr'><em>πιεζόμενοι</em></span> <span class='ocrx_word' id='word_1_296' title='bbox 986 4075 1023 4144; x_wconf 77' lang='grc' dir='ltr'><strong>δὲ</strong></span> <span class='ocrx_word' id='word_1_297' title='bbox 1045 4070 1095 4166; x_wconf 75' lang='grc' dir='ltr'><strong>τῷ</strong></span> <span class='ocrx_word' id='word_1_298' title='bbox 1120 4072 1254 4160; x_wconf 74' lang='grc' dir='ltr'><strong><em>πολέμῳ</em></strong></span> <span class='ocrx_word' id='word_1_299' title='bbox 1310 4094 1312 4098; x_wconf 85' lang='grc'><strong>’</strong></span> <span class='ocrx_word' id='word_1_300' title='bbox 1390 4124 1395 4136; x_wconf 48' lang='grc' dir='ltr'><strong>ι</strong></span> 
     </span>
    </p>
   </div>
   <div class='ocr_carea' id='block_1_8' title="bbox 128 4167 1264 4487">
    <p class='ocr_par' dir='ltr' id='par_1_15' title="bbox 128 4167 1264 4487">
     <span class='ocr_line' id='line_1_37' title="bbox 128 4167 1256 4277; baseline -0.007 -27"><span class='ocrx_word' id='word_1_301' title='bbox 128 4177 186 4240; x_wconf 69' lang='grc' dir='ltr'><strong>καὶ</strong></span> <span class='ocrx_word' id='word_1_302' title='bbox 202 4167 269 4261; x_wconf 58' lang='lat' dir='ltr'><strong>,titel</strong></span> <span class='ocrx_word' id='word_1_303' title='bbox 286 4174 348 4264; x_wconf 74' lang='grc' dir='ltr'><strong>τήν</strong></span> <span class='ocrx_word' id='word_1_304' title='bbox 365 4171 534 4277; x_wconf 57' lang='lat' dir='ltr'><strong>desponde</strong></span> <span class='ocrx_word' id='word_1_305' title='bbox 553 4174 623 4270; x_wconf 63' lang='lat' dir='ltr'><strong>sair</strong></span> <span class='ocrx_word' id='word_1_306' title='bbox 636 4185 883 4272; x_wconf 76' lang='grc' dir='ltr'><strong><em>Συρακουσίων</em></strong></span> <span class='ocrx_word' id='word_1_307' title='bbox 897 4173 1149 4256; x_wconf 76' lang='grc' dir='ltr'><strong><em>κινδυνεύοντες</em></strong></span> <span class='ocrx_word' id='word_1_308' title='bbox 1167 4169 1256 4244; x_wconf 72' lang='grc' dir='ltr'><strong><em>ἁλοῖ-</em></strong></span> 
     </span>
     <span class='ocr_line' id='line_1_38' title="bbox 132 4274 1256 4374; baseline 0.001 -28"><span class='ocrx_word' id='word_1_309' title='bbox 132 4303 190 4346; x_wconf 90' lang='grc' dir='ltr'><strong>ναι</strong></span> <span class='ocrx_word' id='word_1_310' title='bbox 206 4274 290 4346; x_wconf 71' lang='lat' dir='ltr'><strong>racel</strong></span> <span class='ocrx_word' id='word_1_311' title='bbox 304 4274 434 4366; x_wconf 77' lang='grc' dir='ltr'><strong><em>κράτος,</em></strong></span> <span class='ocrx_word' id='word_1_312' title='bbox 448 4279 806 4371; x_wconf 74' lang='grc' dir='ltr'><strong><em>ἐξέπεμψανπρέσβοις</em></strong></span> <span class='ocrx_word' id='word_1_313' title='bbox 819 4287 867 4364; x_wconf 76' lang='grc' dir='ltr'><strong>εἰς</strong></span> <span class='ocrx_word' id='word_1_314' title='bbox 877 4279 1103 4374; x_wconf 68' lang='grc' dir='ltr'><strong><em>τοὶςἈξνήνας</em></strong></span> <span class='ocrx_word' id='word_1_315' title='bbox 1116 4275 1256 4364; x_wconf 75' lang='grc' dir='ltr'><strong><em>ἄξιοῦν-</em></strong></span> 
     </span>
     <span class='ocr_line' id='line_1_39' title="bbox 130 4371 1264 4487; baseline 0 -35"><span class='ocrx_word' id='word_1_316' title='bbox 130 4371 188 4461; x_wconf 62' lang='grc' dir='ltr'><strong>τέξ</strong></span> <span class='ocrx_word' id='word_1_317' title='bbox 197 4381 259 4474; x_wconf 71' lang='grc' dir='ltr'><strong>τὸν</strong></span> <span class='ocrx_word' id='word_1_318' title='bbox 271 4380 382 4475; x_wconf 77' lang='grc' dir='ltr'><strong><em>δῆμον</em></strong></span> <span class='ocrx_word' id='word_1_319' title='bbox 394 4381 569 4475; x_wconf 71' lang='grc' dir='ltr'><strong><em>βοηθῆσαι</em></strong></span> <span class='ocrx_word' id='word_1_320' title='bbox 584 4385 646 4477; x_wconf 76' lang='grc' dir='ltr'><strong>τήν</strong></span> <span class='ocrx_word' id='word_1_321' title='bbox 667 4392 828 4478; x_wconf 79' lang='grc' dir='ltr'><strong><em>ταχίστην</em></strong></span> <span class='ocrx_word' id='word_1_322' title='bbox 855 4392 912 4459; x_wconf 78' lang='grc' dir='ltr'><strong>καὶ</strong></span> <span class='ocrx_word' id='word_1_323' title='bbox 928 4387 991 4480; x_wconf 82' lang='grc' dir='ltr'><strong>τήν</strong></span> <span class='ocrx_word' id='word_1_324' title='bbox 1003 4384 1106 4487; x_wconf 55' lang='grc' dir='ltr'><strong><em>πόλιν</em></strong></span> <span class='ocrx_word' id='word_1_325' title='bbox 1123 4380 1264 4456; x_wconf 72' lang='grc' dir='ltr'><strong><em>ἑαυτῶν</em></strong></span> 
     </span>
    </p>
   </div>
   <div class='ocr_carea' id='block_1_9' title="bbox 0 0 1418 4994">
    <p class='ocr_par' dir='ltr' id='par_1_16' title="bbox 0 0 1418 4994">
     <span class='ocr_line' id='line_1_40' title="bbox 0 0 1418 4994; baseline 0 0"><span class='ocrx_word' id='word_1_326' title='bbox 0 0 1418 4994; x_wconf 95' lang='lat' dir='ltr'><strong> </strong></span> 
     </span>
    </p>
   </div>
  </div>
 </body>
</html>
