2830 5002
22 555 30 576 ⁸
77 563 165 633 pere
196 544 326 617 metata,
361 541 504 626 dispersa
532 555 566 604 et
585 540 751 626 dissipata,
778 539 865 604 nulla
894 553 962 603 arte
989 543 1154 617 conclusa,
1183 543 1212 606 si

80 651 165 740 quid
178 661 270 730 recte
283 647 361 710 facit
380 661 413 710 et
430 645 565 732 pulchre
584 647 618 710 in
637 643 816 732 loquendo,
838 644 938 708 inscia
952 643 1072 726 eflicit,
1090 648 1211 710 nullum

59 784 63 794 ¹
80 758 174 822 enim
189 753 334 839 sequitur
352 750 498 818 ordinem
517 749 748 836 praescriptum
762 764 795 812 et
815 739 901 836 quod
915 739 1059 834 proxime
1077 752 1110 838 in
1124 773 1211 814 men-

81 879 151 927 tem
174 859 279 932 venit,
305 855 340 918 id
361 857 448 920 omni
468 855 604 924 effimdit
625 857 667 919 vi.
711 857 771 917 Est
791 869 895 917 autem
907 855 1045 918 hominis
1060 835 1096 919 ut
1117 879 1212 944 quae.

82 987 149 1054 que
171 978 263 1028 recte
284 981 445 1045 perpensa
465 981 586 1046 suoque
603 961 708 1045 posita
726 961 799 1024 loco
816 959 1001 1024 emittantur
1022 963 1134 1047 risque
1159 964 1213 1026 illa

82 1073 150 1134 late
174 1089 248 1132 sese
267 1067 422 1151 evulgans
441 1079 528 1128 arcte
554 1079 750 1128 coerceatur.
803 1067 849 1127 lta
869 1087 920 1126 ars
943 1063 1112 1129 adhibetur
1133 1087 1213 1152 quae

85 1195 163 1245 rem
186 1171 372 1234 dissolutam
402 1169 621 1256 divulsamque
648 1170 846 1265 conglutinet
878 1184 911 1232 et
934 1172 1057 1234 ratione
1080 1171 1214 1259 quadam

38 1327 44 1334 .
86 1277 304 1360 constringat,
337 1275 383 1338 sic
406 1293 524 1358 genera
548 1272 588 1336 ad
615 1267 738 1338 certuin
765 1293 931 1338 numerum
959 1277 1214 1363 paucitatemque
1302 1307 1306 1327 ν

85 1395 292 1455 remeantur,
306 1379 453 1471 ferpntur
471 1378 560 1462 leges
575 1392 608 1440 et
619 1394 790 1464 praecepta
805 1400 941 1464 quorum
956 1381 1096 1466 cognitio
1110 1403 1214 1467 neque

85 1485 247 1558 difficilis,
265 1499 302 1578 ,qt
320 1504 396 1544 usus
422 1483 575 1567 frequens
588 1483 768 1546 faciliorem
781 1483 888 1546 reddit
902 1475 1016 1570 quibus
1040 1487 1146 1550 omnia
1166 1485 1214 1548 di-

86 1592 188 1679 gestis
219 1600 465 1673 componentem
492 1589 571 1658 ‚talia
598 1609 676 1650 vero
703 1603 874 1671 praecepta
906 1591 968 1652 uisi
998 1591 1060 1654 iam
1092 1603 1216 1652 exstant

83 1697 233 1778 exempla
260 1693 345 1756 uude
376 1674 565 1758 deriieutur
591 1693 644 1754 vix
674 1692 744 1754 dari
761 1707 918 1774 possunt.
985 1695 1108 1792 Quibus
1135 1695 1215 1779 legi-

85 1801 148 1863 bus
167 1799 319 1883 paulatim
337 1791 474 1860 dilatatis
491 1796 544 1858 vel
567 1797 721 1858 correctis
742 1798 795 1859 vel
820 1798 920 1858 auctis
940 1793 1063 1873 evenit,
1087 1813 1122 1860 ut
1144 1818 1216 1860 cum

11 1949 12 1966 1
54 1953 59 1962 .
86 1907 231 1990 primum
249 1902 420 1987 singularia
437 1901 591 1989 quaedam
606 1915 789 1976 tractentur,
807 1923 858 1964 ars
876 1902 955 1964 haee
969 1903 1072 1966 mittat
1084 1918 1116 1966 et
1130 1923 1216 1968 com-

11 1991 12 2036 3
86 1985 200 2072 munia
211 2011 308 2093 longa
321 2029 429 2069 rerum
443 2004 627 2091 cognitione
642 2024 677 2075 uc
688 2005 795 2067 subtili
808 2008 1216 2090 perscrutationeconside·
1279 2073 1286 2082 ,
1349 2085 1353 2096 ,

86 2129 140 2176 ret
161 2127 194 2176 et
207 2128 428 2198 persequatur.
475 2113 616 2172 Graecos
636 2129 714 2172 vero
735 2110 798 2173 iam
814 2113 919 2198 primo
932 2127 1076 2197 ternpore
1093 2133 1162 2175 sese
1176 2115 1250 2196 ad·
1316 2171 1319 2188 ,
1391 2101 1401 2110 ,

87 2239 126 2280 ea
141 2238 224 2302 quae
239 2217 279 2280 ad
293 2217 449 2281 theoriam
464 2229 498 2276 et
519 2213 784 2296 compositionem
800 2217 1001 2299 pertinerent
1022 2217 1216 2303 explananda
1237 2256 1240 2268 .

72 2321 269 2395 taccinxissc
289 2323 486 2407 reperimus,
509 2333 545 2380 ut
558 2299 750 2400 Sophoclem
771 2321 804 2380 in
819 2321 998 2404 tragoedia,
1020 2324 1216 2407 Polycletuns

11 2427 12 2430 ’
85 2428 124 2488 in
137 2439 206 2488 arte
223 2428 372 2490 statuaria
389 2439 422 2488 et
444 2425 479 2485 in
500 2423 662 2484 rhetorice
685 2423 760 2505 ipsa'
777 2438 921 2486 oratores
944 2443 1114 2512 praecepta
1142 2429 1215 2492 reli·
1281 2421 1284 2434 '

12 2609 13 2614 η
89 2531 199 2616 quisse
221 2531 395 2610 docemur3
424 2549 504 2614 quos
530 2525 668 2612 singulas
690 2539 744 2588 res
764 2543 795 2589 et
820 2543 967 2592 externas
991 2551 1063 2592 cum
1085 2553 1160 2594 cura
1186 2549 1219 2595 st

12 2657 14 2666 ’
91 2633 259 2720 diligentla
274 2634 444 2697 tradidisse
460 2635 596 2696 relatum
616 2647 674 2706 est,
690 2633 867 2694 communia
882 2648 985 2696 autem
999 2635 1052 2697 illa
1066 2650 1099 2698 et
1109 2627 1218 2720 impri-

12 2785 16 2804 ι
89 2740 152 2822 mis
169 2739 464 2824 argumentationes
484 2753 517 2799 et
539 2737 839 2822 approbationes-ex
860 2759 937 2801 vera
957 2754 1095 2822 sumptas
1108 2739 1218 2808 induc.
1261 2815 1264 2820 Ι

12 2875 15 2924 γ
90 2845 194 2918 tione,
219 2836 534 2915 ante'Aristotelem,
554 2856 591 2904 ut
604 2843 673 2925 ipse
693 2842 787 2917 dicit,
811 2863 922 2918 nemo,
949 2846 1001 2908 vel
1016 2846 1108 2929 pauci
1130 2863 1218 2911 certe
1298 2903 1299 2915 ,

13 3007 14 3030 ξ
94 2949 147 3010 ria
162 2947 332 3016 erratione
347 2947 462 3010 sectari
478 2961 511 3009 et
525 2938 686 3030 explicare
704 2961 890 3030 coeperunt.
1174 2930 1179 2939 ,

14 3049 18 3056 ’
182 3052 246 3115 Sed
264 3053 451 3138 priusquam
471 3051 586 3113 artium
606 3052 779 3135 scriptores
797 3052 950 3136 deinceps
972 3075 1121 3118 enarrare
1141 3057 1220 3118 inci-
1265 3105 1276 3118 .

13 3187 15 3226 ς
91 3145 230 3241 piamun,
255 3177 335 3241 quae
349 3157 485 3218 maxime
499 3156 593 3218 nobis
609 3156 671 3218 sint
685 3157 831 3242 eligenda
849 3172 881 3218 et
895 3157 1038 3234 vitanda,
1060 3183 1102 3222 nc
1118 3163 1220 3224 aliena
1254 3197 1258 3222 t

90 3282 247 3331 tenemur
272 3275 304 3322 et
327 3261 507 3323 necessaria
535 3262 748 3346 negligamus,
775 3283 875 3345 pauca
903 3263 1056 3348 quaedam
1075 3287 1219 3349 praemo-
1256 3298 1264 3350 .'

93 3366 199 3430 nenda
213 3379 295 3428 sunt.
337 3361 474 3426 'Plurimi
488 3380 521 3426 et
537 3366 649 3450 optimi
673 3375 820 3430 auctores
837 3369 1012 3432 orationem
1031 3371 1064 3432 in
1080 3371 1220 3458 quinque
1235 3407 1237 3412 ·

124 3641 127 3647 ·
165 3635 227 3673 mos
251 3629 295 3673 est
314 3615 490 3682 Frontonis,
516 3629 548 3672 ut
570 3635 637 3690 pag.
662 3625 713 3675 119
736 3617 789 3671 ubi
812 3619 942 3678 additum
962 3617 1086 3698 legitimi
1110 3627 1222 3698 graecis
1302 3655 1304 3658 ·
1348 3660 1350 3668 ι

169 3703 262 3759 uerbis
274 3701 398 3770 sortasse
412 3700 536 3774 uper-trist
552 3698 728 3776 significabo.
757 3707 836 3760 conf.
852 3727 918 3781 pag.
936 3719 979 3768 95.
1015 3713 1132 3787 Optime
1148 3733 1220 3770 vero

102 3837 104 3840 .
167 3793 330 3850 desiderari
351 3795 436 3865 plura
455 3793 605 3864 perspexit
622 3795 823 3858 llcindorssus,
844 3799 956 3869 graecis
974 3800 1053 3854 enim
1070 3784 1237 3856 reddenda

171 3869 263 3937 verba
282 3879 456 3954 irusrregat,
475 3878 621 3946 describit,
640 3880 755 3948 diuidit,
775 3884 854 3956 quod
871 3896 987 3940 veteres
1012 3887 1128 3944 dicunt:
1155 3892 1224 3964 ἐρω-

100 4031 104 4038 ,
168 3975 233 4044 rire,
260 3972 433 4032 sarzanam,
458 3975 600 4043 μερίζειν,
622 3971 657 4026 de
677 3971 833 4044 postremis
850 3970 980 4028 dubitari
995 3987 1105 4048 potest:
1117 4005 1119 4013 ι
1131 3994 1221 4050 peras

165 4077 216 4114 nat
222 4053 326 4132 fingit,
341 4057 493 4112 orationem
504 4075 584 4114 suam
596 4057 649 4114 alii
657 4056 821 4114 accomodat.
838 4063 919 4115 Fort.
935 4073 1091 4138 utrumque
1100 4067 1223 4123 latinum

171 4159 278 4221 graeco
299 4157 524 4223 uporenonosrtr
541 4146 782 4220 comprehendit,
804 4148 860 4220 uisi
873 4150 954 4206 eliud
969 4151 1063 4208 simile
1077 4153 1223 4211 adiectum

96 4247 109 4262 ‘
169 4247 234 4291 eret
261 4255 290 4290 v.
314 4256 342 4291 o.
359 4235 525 4304 ἠθοποιεῖν,
549 4247 583 4290 ut
599 4235 755 4306 Dionysius
773 4235 810 4291 ds
823 4239 907 4308 Lysia
923 4239 1116 4308 deonostt'mi
1135 4261 1236 4316 παρα..

126 4335 128 4340 ’
168 4324 298 4392 σκευάζει
320 4324 456 4398 πρόσωπα
478 4328 516 4396 τῷ
538 4321 613 4398 λόγῳ
631 4323 717 4380 πιστὰ
741 4330 788 4380 καὶ
807 4325 912 4401 χρηστοὶ
934 4333 1111 4404 προαιρέσεις
1131 4315 1224 4398 adacta
1270 4343 1272 4348 ’

172 4412 286 4478 sistetur
299 4412 443 4478 inserena
459 4411 506 4469 aral
518 4411 595 4482 πάθη
610 4415 711 4488 μέτρια
727 4414 888 4488 προςῶπων.
1224 4401 1229 4412 ³

366 4637 373 4664 ί
