2830 5002
672 457 715 479 ..
759 429 803 496 40
848 463 891 477 ..

705 510 723 572 ll

218 598 505 663 Schleiermacheri
519 599 581 662 viri
594 599 628 660 in
640 600 690 662 his
706 572 900 686 sagacissimi
916 591 964 659 eit
978 595 1144 669 sententia,
1167 615 1231 655 non
1244 591 1343 654 modo

217 705 257 769 ad
279 707 476 789 Protagorae
502 705 553 766 sit·
576 726 704 768 emensa
724 683 903 789 ingenium,
928 701 986 764 sed
1013 701 1112 785 ipsius
1145 721 1185 761 ex
1212 699 1344 782 scriptis

214 812 341 890 hausta3
365 811 444 872 tales
456 799 546 872 'enim
570 831 623 872 res
640 826 776 874 tractare
797 809 940 871 solebant
960 807 1129 891 sophistae,
1152 819 1188 866 ut
1207 803 1247 865 de
1261 807 1345 865 Pro-

216 917 306 991 (lico,
330 915 448 998 Hippia
473 916 607 992 scimus,
629 917 799 1001 allegoriae
825 914 928 976 forma
953 911 1078 1002 induta)
1101 911 1155 972 illa
1179 923 1283 972 aetate
1312 923 1346 970 et

198 1022 336 1084 ·fabulas
352 1020 539 1118 allegoricas
553 1019 714 1118 lingebant
736 1035 767 1082 et
780 1019 981 1080 Homerum'
973 1033 1016 1080 ita
1033 1037 1103 1079 esse
1121 1013 1345 1125 explicandum

217 1121 431 1206 ‹locabant⁶³).
1334 1125 1337 1135 ’

302 1235 418 1291 Totum
450 1254 485 1292 at
487 1231 526 1292 tis
536 1251 744 1336 graecorum
772 1227 984 1311 sophistarum
1014 1225 1152 1290 studium
1179 1247 1278 1310 quum
1313 1223 1346 1283 in

143 1371 145 1375 ·
219 1335 416 1398 restituenda
443 1312 629 1424 o’pftoaneisy
652 1335 859 1409 consisteret,
883 1333 976 1396 brevi
1000 1331 1128 1406 iactum,
1158 1346 1193 1393 ut
1220 1329 1347 1414 singula

216 1463 344 1527 quoque
369 1439 499 1504 ver'ba
490 1441 775 1526 investigarentur,
798 1439 930 1523 p1opria
960 1459 1068 1500 earum
1092 1439 1140 1500 vis
1166 1449 1346 1508 notaretur,

217 1567 358 1631 quasque
372 1546 544 1609 varietates
563 1545 817 1630 mutationesque
838 1559 870 1607 et
890 1535 1040 1605 formast
1061 1539 1250 1628 significatio
1269 1561 1346 1622 per-

148 1651 154 1666 *
215 1671 338 1733 passae,
356 1649 538 1712 traderetur
550 1665 583 1713 et
596 1649 769 1715 discrimen
788 1650 873 1712 inter
886 1647 1000 1723 verba,
1025 1669 1105 1733 quae
1121 1646 1233 1709 eadem
1245 1647 1347 1729 vulgo

217 1751 397 1841 significare
417 1769 568 1839 putantur
595 1755 782 1831 docetetur,
807 1754 893 1840 quod
917 1774 981 1818 uno
1005 1753 1146 1817 alterove
1170 1751 1347 1815 ostendere

217 1862 362 1944 exemplo
391 1859 486 1922 facile
505 1861 679 1936 videatur,
686 1861 743 1922 sed
764 1861 865 1922 maior
886 1861 948 1921 iam
965 1858 1089 1921 exsistit
1103 1854 1284 1934 difficultas,
1321 1856 1348 1917 si

217 1987 329 2027 eorum
354 1986 434 2050 quae
463 1964 522 2026 tihi
552 1963 762 2027 discernenda
786 1964 955 2027 multitudo
983 1966 1033 2029 vel
1061 1943 1228 2025 numerdin
1251 1983 1348 2024 exsu
1406 2009 1407 2012 ,

217 2086 319 2156 peret,
341 2070 476 2131 maxima
493 2091 571 2132 veto
594 2071 621 2131 si
645 2085 780 2154 systema
802 2069 1003 2156 synonymiae
1018 2070 1150 2156 eiusque
1164 2067 1347 2131 doctrinam

217 2173 408 2261 profitearis.
438 2177 528 2236 Haec
548 2177 631 2236 enim
647 2190 679 2237 et
691 2175 912 2260 etymologiam
925 2175 1037 2238 fundat
1052 2196 1112 2237 nec
1124 2175 1186 2236 nisi
1200 2175 1347 2259 origines

217 2275 454 2364 verborumque
488 2280 613 2344 radices
647 2281 826 2355 inveneris,
866 2301 977 2343 sensus
1011 2296 1101 2344 recte
1130 2278 1348 2342 demonstrari

46 2372 52 2380 ¹
137 2424 141 2432 κ
216 2399 332 2470 potest.
379 2385 481 2483 Quam
495 2406 564 2447 rem
584 2407 689 2471 neque
707 2385 874 2448 ridiculam
894 2407 955 2449 nec
976 2379 1067 2472 parri
1090 2405 1161 2448 esse
1179 2387 1347 2461 momenti,
1397 2471 1399 2474 Ι

217 2506 326 2554 nostra
339 2489 467 2574 demum
480 2505 592 2567 aetate,
609 2515 670 2577 qua
681 2491 761 2554 haec
774 2491 907 2554 multum
917 2492 1092 2554 examinata
1103 2506 1184 2567 sunt,
1206 2492 1347 2554 maxime

218 2611 423 2681 perspectum
437 2610 494 2658 est.
1040 2610 1044 2617 ’
1355 2590 1359 2598 ’
1405 2583 1406 2588 ¹

175 2781 179 2797 s
304 2702 462 2766 Prodicus
481 2703 585 2776 Ceius,
608 2717 758 2787 quantum
780 2700 906 2776 scimus,
929 2700 970 2763 de
995 2701 1151 2764 industria
1172 2716 1205 2764 et
1228 2725 1346 2787 magna

220 2805 326 2870 dedita
341 2829 449 2892 opera,
472 2807 594 2919 primus
615 2807 788 2869 verborum
806 2821 981 2891 potestates
1005 2807 1244 2883 discriminans,
1267 2806 1354 2892 pro-'
1403 2799 1406 2884 l

51 2903 56 2920 ¹
149 2973 151 2982 ,
219 2914 324 2997 prium
349 2933 476 2974 sensum
500 2934 559 2974 usu
587 2912 782 2998 antiquatum
809 2928 842 2974 et
862 2913 1105 2976 oblitteratum
1096 2914 1292 2998 investigare
1314 2929 1347 2976 et

220 3018 325 3082 denuo
340 3017 522 3090 hominibus
533 3015 660 3078 tradere
676 3017 804 3092 studuit,
825 3039 920 3102 quem
934 2995 1040 3079 subtili
1057 3033 1089 3080 et
1107 3039 1211 3103 sagaci
1202 3007 1347 3080 iudicio

218 3124 391 3187 verborum
415 3123 480 3186 vim
500 3121 693 3197 distinxisse,
713 3143 818 3208 neque
849 3123 940 3185 oneri
959 3123 1068 3184 huic
1059 3130 1214 3208 imParem
1232 3123 1346 3200 fuisse,
1403 3171 1405 3200 5

201 3251 318 3334 'pauca
338 3227 521 3312 diligentiae
538 3225 639 3288 adhuc
659 3223 809 3289 restantia
829 3242 1032 3290 monumenta
1051 3243 1215 3291 testantur.
1261 3231 1346 3292 Rem
1403 3215 1405 3254 t

166 3345 170 3360 ¹
219 3335 305 3394 enim
326 3331 425 3416 paulo
449 3329 574 3391 doctius
594 3327 687 3418 quam
709 3332 922 3416 posteriores,
950 3355 1086 3419 quorum
1110 3332 1150 3395 ad
1172 3355 1232 3396 nos
1255 3335 1348 3398 venit
1403 3363 1405 3414 g

219 3433 341 3511 notitia,
366 3435 406 3498 ad
420 3425 598 3498 litterarum
613 3437 758 3500 ordinem
769 3438 923 3502 vocabula
937 3459 1057 3524 conges
1059 3453 1157 3514 entes,
1175 3460 1347 3524 aggressus

219 3557 277 3604 est.
323 3527 482 3602 Nationes*
491 3541 546 3604 ille
560 3541 697 3626 singulas
713 3543 865 3627 selegisse
878 3560 910 3608 et
928 3564 1136 3631 quaecunque
1151 3543 1191 3606 de
1203 3543 1254 3606 his
1265 3566 1345 3628 pro·
1403 3577 1405 3606 ι

218 3647 404 3709 nuntiantur
414 3666 512 3711 voces
528 3645 720 3731 compositas
738 3648 779 3709 ad
792 3644 902 3714 veram
917 3651 1083 3725 rationem,
1107 3672 1168 3736 qua
1184 3649 1244 3711 alia
1258 3649 1347 3711 aliud
1404 3637 1405 3676 ³

220 3749 424 3838 significaret,
446 3751 614 3820 reduxisse
637 3739 829 3835 videtur3
805 3775 902 3818 siet.
924 3777 951 3818 c.
973 3749 1100 3854 ἡδονῆς
1118 3754 1285 3820 notionem
1310 3756 1347 3816 in
1403 3803 1405 3806 .

217 3859 326 3944 plures
346 3857 490 3920 distinxit
503 3873 622 3942 partes,
646 3857 686 3920 de
706 3839 820 3990 quibus
836 3844 1026 3922 Aristoteles
1042 3861 1154 3945 Topic'.
1170 3863 1207 3936 Il,
1226 3867 1257 3930 6.
1250 3883 1346 3986 .pag
1398 3929 1403 3936 ,

220 3967 293 4032 114
318 3962 485 4024 Buhleff
467 3992 517 4032 ιιι
539 3965 568 4032 εἰ
593 3967 650 4032 καὶ
675 3957 760 4033 auid
781 3961 896 4056 ἓαυιῶ
915 3965 1124 4056 συμβεβηκὸς
1149 3966 1269 4058 adorea
1299 3993 1347 4050 ως
1403 3953 1404 3982 ³

219 4066 343 4158 ἕτερον,
368 4067 426 4136 dcci
445 4066 485 4138 τὸ
501 4065 617 4154 ἕτερον
635 4067 723 4138 εἶναι
746 4065 873 4155 ὄνομα,
896 4066 1089 4158 καθάπερ
1108 4077 1348 4144 ΠΡΟΔΙΚΟΣ

220 4175 410 4272 διηρεῖτο
441 4167 703 4264 τᾶςῆὄονοές
730 4173 965 4264 εἲςχαραν
987 4179 1108 4245 καιτ
1115 4175 1246 4266 έρψιν
1274 4178 1349 4243 καὶ
1401 4191 1404 4232 ἵ

176 4309 183 4324 ·
219 4271 507 4368 εὖφροσύνην
516 4301 641 4349 ταυτα
665 4278 730 4367 γάρ
751 4273 868 4349 πάντα
891 4307 953 4350 του
980 4273 1102 4358 αὐτου,
1122 4276 1181 4370 τῆς
1209 4273 1346 4370 ἡδονῆς,

220 4377 374 4470 ὀνόματα
367 4377 498 4453 1’ἐστιν
519 4375 611 4454 el
568 4409 633 4454 ουν
654 4409 756 4482 aceto
748 4383 903 4473 χαίρειν
915 4409 963 4475 τῳ
951 4379 1230 4476 εὖφραῖνεσθαι
1245 4379 1349 4476 φησει
1402 4433 1404 4481 3

235 4528 280 4600 ⁶³)
294 4521 392 4588 Wolf.
407 4530 543 4604 Prolagg.
560 4547 626 4634 pag:
641 4527 756 4586 CLXIII
771 4547 852 4605 seqq·

725 4682 739 4710 Χ
